Heat Kernel: 
@article {nash1958continuity,
	AUTHOR = {Nash, J.},
	TITLE = {Continuity of solutions of parabolic and elliptic equations},
	JOURNAL = {Amer. J. Math.},
	FJOURNAL = {American Journal of Mathematics},
	VOLUME = {80},
	YEAR = {1958},
	PAGES = {931--954},
	ISSN = {0002-9327,1080-6377},
	MRCLASS = {35.00},
	MRNUMBER = {100158},
	MRREVIEWER = {C.\ B.\ Morrey, Jr.},
	DOI = {10.2307/2372841},
	URL = {https://doi.org/10.2307/2372841},
}

@article{davies1987explicit,
	title={Explicit constants for Gaussian upper bounds on heat kernels},
	author={Davies, Edward B},
	journal={American Journal of Mathematics},
	volume={109},
	number={2},
	pages={319--333},
	year={1987},
	publisher={JSTOR}
}

@article {fabes1986new,
	AUTHOR = {Fabes, E. B. and Stroock, D. W.},
	TITLE = {A new proof of {M}oser's parabolic {H}arnack inequality using
	the old ideas of {N}ash},
	JOURNAL = {Arch. Rational Mech. Anal.},
	FJOURNAL = {Archive for Rational Mechanics and Analysis},
	VOLUME = {96},
	YEAR = {1986},
	NUMBER = {4},
	PAGES = {327--338},
	ISSN = {0003-9527},
	MRCLASS = {35B45 (35K10 58C15)},
	MRNUMBER = {855753},
	MRREVIEWER = {W.\ P.\ Ziemer},
	DOI = {10.1007/BF00251802},
	URL = {https://doi.org/10.1007/BF00251802},
}

@article{stroock1988diffusion,
	title={Diffusion semigroups corresponding to uniformly elliptic divergence form operators},
	author={Stroock, Daniel W},
	journal={S{\'e}minaire de Probabilit{\'e}s XXII},
	pages={316--347},
	year={1988},
	publisher={Springer}
}

@article{qian2019parabolic,
	title={Parabolic equations with divergence-free drift in space ${L}_t^l {L}_x^q$},
	author={Qian, Zhongmin and Xi, Guangyu},
	journal={Indiana University Mathematics Journal},
	volume={68},
	number={3},
	pages={761--797},
	year={2019},
	publisher={JSTOR}
}

@article {qian2019parabolic2,
	AUTHOR = {Qian, Zhongmin and Xi, Guangyu},
	TITLE = {Parabolic equations with singular divergence-free drift vector
	fields},
	JOURNAL = {J. Lond. Math. Soc. (2)},
	FJOURNAL = {Journal of the London Mathematical Society. Second Series},
	VOLUME = {100},
	YEAR = {2019},
	NUMBER = {1},
	PAGES = {17--40},
	ISSN = {0024-6107,1469-7750},
	MRCLASS = {35K08 (35Q30 76D03)},
	MRNUMBER = {3999681},
	MRREVIEWER = {J\"{u}rgen\ Socolowsky},
	DOI = {10.1112/jlms.12202},
	URL = {https://doi.org/10.1112/jlms.12202},
}

@article{kinzebulatov2022heat,
	title={Heat kernel bounds for parabolic equations with singular (form-bounded) vector fields},
	author={Kinzebulatov, Damir and Sem{\"e}nov, Yuliy A},
	journal={Mathematische Annalen},
	volume={384},
	number={3-4},
	pages={1883--1929},
	year={2022},
	publisher={Springer}
}



Diffusions, {{SDE}}: 
@article{mckean1966class,
  title={A class of Markov processes associated with nonlinear parabolic equations},
  author={McKean Jr, HP},
  journal={Proceedings of the National Academy of Sciences of the United States of America},
  volume={56},
  number={6},
  pages={1907},
  year={1966},
  publisher={National Academy of Sciences}
}

@article{mckean1967exponential,
  title={An exponential formula for solving {B}oltzmann's equation for a {M}axwellian gas},
  author={McKean Jr, HP},
  journal={Journal of Combinatorial Theory},
  volume={2},
  number={3},
  pages={358--382},
  year={1967},
  publisher={Elsevier}
}

@article{stroock1969diffusion,
  title={Diffusion processes with continuous coefficients, I},
  author={Stroock, Daniel W and Varadhan, Srinivasa RS},
  journal={Communications on Pure and Applied Mathematics},
  volume={22},
  number={3},
  pages={345--400},
  year={1969},
  publisher={Wiley Online Library}
}

@article{zvonkin1974transformation,
  title={A transformation of the phase space of a diffusion process that removes the drift},
  author={Zvonkin, Alexander K},
  journal={Mathematics of the USSR-Sbornik},
  volume={22},
  number={1},
  pages={129},
  year={1974},
  publisher={IOP Publishing}
}

@article{veretennikov1976explicit,
  title={On explicit formulas for solutions of stochastic equations},
  author={Veretennikov, A Ju and Krylov, Nicolai V},
  journal={Mathematics of the USSR-Sbornik},
  volume={29},
  number={2},
  pages={239-256},
  year={1976},
  publisher={IOP Publishing}
}

@article{veretennikov1980strong1,
  title={On the strong solutions of stochastic differential equations},
  author={Veretennikov, A Yu},
  journal={Theory of Probability \& Its Applications},
  volume={24},
  number={2},
  pages={354--366},
  year={1980},
  publisher={SIAM}
}

@article{veretennikov1980strong2,
  title={On strong solutions and explicit formulas for solutions of stochastic integral equations},
  author={Veretennikov, Alexander Yur'evich},
  journal={Matematicheskii Sbornik},
  volume={153},
  number={3},
  pages={434--452},
  year={1980},
  publisher={Russian Academy of Sciences, Steklov Mathematical Institute of Russian~…}
}

\Bibitem{KrySaf79}
\by N.~V.~Krylov, M.~V.~Safonov
\paper An estimate for the probability of a diffusion process hitting a set of positive measure
\jour Dokl. Akad. Nauk SSSR
\yr 1979
\vol 245
\issue 1
\pages 18--20
\mathnet{http://mi.mathnet.ru/dan42542}
\mathscinet{http://mathscinet.ams.org/mathscinet-getitem?mr=0525227}

@article {krylov1979estimate,
    AUTHOR = {Krylov, N. V. and Safonov, M. V.},
     TITLE = {An estimate for the probability of a diffusion process hitting
              a set of positive measure},
   JOURNAL = {Dokl. Akad. Nauk SSSR},
  FJOURNAL = {Doklady Akademii Nauk SSSR},
    VOLUME = {245},
      YEAR = {1979},
    NUMBER = {1},
     PAGES = {18--20},
      ISSN = {0002-3264},
   MRCLASS = {60J60},
  MRNUMBER = {525227},
MRREVIEWER = {D.\ A.\ Darling},
}

@article{krylov1981certain,
	doi = {10.1070/IM1981v016n01ABEH001283},
	url = {https://dx.doi.org/10.1070/IM1981v016n01ABEH001283},
	year = {1981},
	month = {feb},
	publisher = {},
	volume = {16},
	number = {1},
	pages = {151},
	author = {N V Krylov and  M V Safonov},
	title = {A CERTAIN PROPERTY OF SOLUTIONS OF PARABOLIC EQUATIONS WITH MEASURABLE COEFFICIENTS},
	journal = {Mathematics of the USSR-Izvestiya},
	abstract = {In this paper Harnack's inequality is proved and the Hölder exponent is estimated for solutions of parabolic equations in nondivergence form with measurable coefficients. No assumptions are imposed on the smallness of scatter of the eigenvalues of the coefficient matrix for the second derivatives. Bibliography: 9 titles.}
}


@article{funaki1984certain,
  title={A certain class of diffusion processes associated with nonlinear parabolic equations},
  author={Funaki, Tadahisa},
  journal={Zeitschrift f{\"u}r Wahrscheinlichkeitstheorie und Verwandte Gebiete},
  volume={67},
  number={3},
  pages={331--348},
  year={1984},
  publisher={Springer}
}

@article{shiga1985central,
 title={Central limit theorem for a system of Markovian particles with mean field interactions},
  author={Shiga, Tokuzo and Hiroshi Tanaka},
  journal={Zeitschrift f{\"u}r Wahrscheinlichkeitstheorie und Verwandte Gebiete},
  volume={69},
  number={3},
  pages={439-459},
  year={1985},
  publisher={Springer}
}

@article{jourdain1997diffusions,
 title={Diffusions with a nonlinear irregular drift coefficient and probabilistic interpretation of generalized {B}urgers' equations},
  author={Jourdain, Benjamin},
  journal={Probability and Statistics},
  volume={1},
  number={1},
  pages={339-355},
  year={1997},
  publisher={ESAIM}
}

@article{bass2001stochastic,
  title={Stochastic differential equations for Dirichlet processes},
  author={Bass, Richard F and Chen, Zhen-Qing},
  journal={Probability Theory and Related Fields},
  volume={121},
  number={3},
  pages={422--446},
  year={2001},
  publisher={Springer}
}

@article{cherny2002uniqueness,
  title={On the uniqueness in law and the pathwise uniqueness for stochastic differential equations},
  author={Cherny, Aleksander Semenovich},
  journal={Theory of Probability \& Its Applications},
  volume={46},
  number={3},
  pages={406--419},
  year={2002},
  publisher={SIAM}
}

@article{bass2003brownian,
  title={Brownian motion with singular drift},
  author={Bass, Richard F and Chen, Zhen-Qing},
  journal={The Annals of Probability},
  volume={31},
  number={2},
  pages={791--817},
  year={2003},
  publisher={Institute of Mathematical Statistics}
}

@book{ikeda2014stochastic,
  title={Stochastic differential equations and diffusion processes},
  author={Ikeda, Nobuyuki and Watanabe, Shinzo},
  volume={24},
  year={2014},
  publisher={Elsevier}
}


@book{stroock2007multidimensional,
  title={Multidimensional diffusion processes},
  author={Stroock, Daniel W and {V}aradhan, {S}{R} Srinivasa},
  year={2007},
  publisher={Springer}
}

@article{yamada1971uniqueness,
  title={{O}n the uniqueness of solutions of stochastic differential equations},
  author={{Y}amada, {T}oshio and {W}atanabe, {S}hinzo},
  journal={{J}ournal of {M}athematics of {K}yoto {U}niversity},
  volume={11},
  number={1},
  pages={155--167},
  year={1971},
  publisher={{K}yoto {U}niversity}
}

@article{sugita1985characterization,
  title={{O}n a characterization of the {S}obolev spaces over an abstract {{W}}iener space},
  author={{S}ugita, {H}iroshi},
  journal={{J}ournal of {M}athematics of {K}yoto {U}niversity},
  volume={25},
  number={4},
  pages={717--725},
  year={1985},
  publisher={{K}yoto {U}niversity}
}

@article{krylov1999kolmogorov,
  title={{O}n {{K}}olmogorov’s equations for finite dimensional diffusions},
  author={{K}rylov, {N}{V}},
  booktitle={{S}tochastic {P}{D}{E}’s and {{K}}olmogorov {E}quations in {I}nfinite {D}imensions},
  pages={1--63},
  year={1999},
  publisher={{S}pringer}
}

@article{krylov2005strong,
  title={{S}trong solutions of stochastic equations with singular time dependent drift},
  author={{K}rylov, {N}icolai {V} and {R}\"ockner, {M}ichael},
  journal={{P}robability Theory and Related Fields},
  volume={131},
  number={2},
  pages={154--196},
  year={2005},
  publisher={{S}pringer}
}

@article{zhang2005strong,
  title={Strong solutions of {{SDE}}s with singular drift and {S}obolev diffusion coefficients},
  author={Zhang, Xicheng},
  journal={Stochastic Processes and their Applications},
  volume={115},
  number={11},
  pages={1805--1818},
  year={2005},
  publisher={Elsevier}
}

@article{davie2007uniqueness,
  title={Uniqueness of solutions of stochastic differential equations},
  author={Davie, Alexander M},
  journal={International Mathematics Research Notices},
  volume={2007},
  year={2007},
  publisher={Narnia}
}

@article{meyer2010construction,
  title={Construction of strong solutions of {{SDE}}'s via {M}alliavin calculus},
  author={Meyer-Brandis, Thilo and Proske, Frank},
  journal={Journal of Functional Analysis},
  volume={258},
  number={11},
  pages={3922--3953},
  year={2010},
  publisher={Elsevier}
}

@article{schilling2009symbol,
  title={The symbol associated with the solution of a stochastic differential equation},
  author={Schilling, Ren{\'e} L and Schnurr, Alexander},
  journal={Electronic Journal of Probability},
  number={15},
  pages={1369-1393}, 
  year={2010},
  publisher={{T}he {I}nstitute of {M}athematical {S}tatistics and the {B}ernoulli {S}ociety}
}

@article{zhang2011stochastic,
  title={{S}tochastic homeomorphism flows of {S}{D}{E}s with singular drifts and {S}obolev diffusion coefficients},
  author={{Z}hang, {X}icheng},
  journal={{E}lectronic {J}ournal of {P}robability},
  volume={16},
  pages={1096--1116},
  year={2011},
  publisher={{T}he {I}nstitute of {M}athematical {S}tatistics and the {B}ernoulli {S}ociety}
}

@article{fedrizzi2013noise,
  title={Noise prevents singularities in linear transport equations},
  author={Fedrizzi, Ennio and Flandoli, Franco},
  journal={Journal of Functional Analysis},
  volume={264},
  number={6},
  pages={1329--1354},
  year={2013},
  publisher={Elsevier}
}

@article{menoukeu2013variational,
  title={A variational approach to the construction and {M}alliavin differentiability of strong solutions of {{SDE}}’s},
  author={Menoukeu-Pamen, Olivier and Meyer-Brandis, Thilo and Nilssen, Torstein and Proske, Frank and Zhang, Tusheng},
  journal={Mathematische Annalen},
  volume={357},
  number={2},
  pages={761--799},
  year={2013},
  publisher={Springer}
}

@article{zhang2016stochastic,
  title={{S}tochastic differential equations with {S}obolev diffusion and singular drift and applications},
  author={{Z}hang, {X}icheng},
  journal={{T}he {A}nnals of {A}pplied {P}robability},
  volume={26},
  number={5},
  pages={2697--2732},
  year={2016},
  publisher={{I}nstitute of {M}athematical {S}tatistics}
}

@article{figalli2008existence,
  title={{E}xistence and uniqueness of martingale solutions for {S}{D}{E}s with rough or degenerate coefficients},
  author={{F}igalli, {A}lessio},
  journal={{J}ournal of {F}unctional {A}nalysis},
  volume={254},
  number={1},
  pages={109--153},
  year={2008},
  publisher={{E}lsevier}
}

@article{trevisan2012well,
  title={{W}ell-posedness of multidimensional diffusion processes with weakly differentiable coefficients},
  author={{T}revisan, {D}ario},
  journal={{E}lectronic {J}ournal of {P}robability},
  volume={21},
  year={2012},
  publisher={{T}he {I}nstitute of {M}athematical {S}tatistics and the {B}ernoulli {S}ociety}
}

@article{zhang2010stochasticflow,
  title={{S}tochastic flows of {{S}{D}{E}}s with irregular coefficients and stochastic transport equations},
  author={{Z}hang, {X}icheng},
  journal={{B}ulletin des sciences mathematiques},
  volume={134},
  number={4},
  pages={340--378},
  year={2010},
  publisher={{E}lsevier}
}

@article{fedrizzi2011pathwise, 
  title={Pathwise uniqueness and continuous dependence for {{SDE}}s with non-regular drift},
  author={Fedrizzi, Ennio and Flandoli, Franco}, 
  journal={{S}tochastics: An International Journal of Probability and Stochastic Processes}, 
  volume={83}, 
  number={03}, 
  pages={241--257}, 
  year={2011}, 
  publisher={Taylor \& Francis}
}

@article{zhang2013well,
  title={{W}ell-posedness and large deviation for degenerate {{SDE}}s with {S}obolev coefficients},
  author={{Z}hang, {X}icheng},
  journal={{R}evista {M}atematica {I}beroamericana},
  volume={29},
  number={1},
  year={2013},
  publisher={{E}uropean {M}athematical {S}ociety {P}ublishing {H}ouse}
}

@article{rezakhanlou2014regular,
  title={Regular flows for diffusions with rough drifts},
  author={Rezakhanlou, Fraydoun},
  journal={arXiv preprint arXiv:1405.5856},
  year={2014}
}

@article{mohammed2015sobolev,
  title={{S}obolev differentiable stochastic flows for {{SDE}}s with singular coefficients: Applications to the transport equation},
  author={Mohammed, Salah-Eldin A and Nilssen, Torstein K and Proske, Frank N},
  journal={The Annals of Probability},
  volume={43},
  number={3},
  pages={1535--1576},
  year={2015},
  publisher={Institute of Mathematical Statistics}
}

@article{li2016weak,
  title={Weak solutions of mean-field stochastic differential equations and application to zero-sum stochastic differential games},
  author={Li, Juan and Min, Hui},
  journal={SIAM Journal on Control and Optimization},
  volume={54},
  number={3},
  pages={1826--1858},
  year={2016},
  publisher={SIAM}
}

@article{mishura2016existence,
  title={Existence and uniqueness theorems for solutions of {M}cKean-{V}lasov stochastic equations},
  author={Mishura, Yuliya S and Veretennikov, Alexander Yu},
  journal={arXiv preprint arXiv:1603.02212},
  year={2016}
}

@article{shaposhnikov2016some,
  title={Some remarks on {D}avie's uniqueness theorem},
  author={Shaposhnikov, AV},
  journal={Proceedings of the Edinburgh Mathematical Society},
  volume={59},
  number={4},
  pages={1019--1035},
  year={2016},
  publisher={Cambridge University Press}
}

@article{lee2017existence,
  title={Existence, uniqueness and ergodic properties for time-homogeneous {I}t{\^o}-{{SDE}}s with locally integrable drifts and {S}obolev diffusion coefficients},
  author={Lee, Haesung and Trutnau, Gerald},
  journal={arXiv},
  pages={arXiv--1708.01152},
  year={2017}
}


@article{wei2017weak,
  title={On weak solutions of stochastic differential equations with sharp drift coefficients},
  author={Wei, Jinlong and Lv, Guangying and Wu, Jiang-Lun},
  journal={arXiv preprint arXiv:1711.05058},
  year={2017}
}

@article{champagnat2018strong,
  title={{S}trong solutions to stochastic differential equations with rough coefficients},
  author={{C}hampagnat, {N}icolas and {J}abin, {P}ierre-{E}mmanuel},
  journal={{T}he {A}nnals of {P}robability},
  volume={46},
  number={3},
  pages={1498--1541},
  year={2018},
  publisher={{I}nstitute of {M}athematical {S}tatistics}
}

@article{cannizzaro2018multidimensional,
  title={Multidimensional {{SDE}}s with singular drift and universal construction of the polymer measure with white noise potential},
  author={Cannizzaro, Giuseppe and Chouk, Khalil},
  journal={The Annals of Probability},
  volume={46},
  number={3},
  pages={1710--1763},
  year={2018},
  publisher={Institute of Mathematical Statistics}
}

@article{zhang2018singular,
  title={{S}ingular {B}rownian diffusion processes},
  author={Zhang, Xicheng and Zhao, Guohuan},
  journal={{C}ommunications in {M}athematics and {S}tatistics},
  volume={6},
  number={4},
  pages={533--581},
  year={2018},
  publisher={{S}pringer}
}

@article{fournier2014propagation,
	title={Propagation of chaos for the 2{D} viscous vortex model},
	author={Fournier, Nicolas and Hauray, Maxime and Mischler, Steéphane},
	journal={Journal of the European Mathematical Society},
	volume={16},
	number={7},
	pages={1423–1466},
	year={2014},
	publisher={EMS Press}
}


@article{lacker2018strong, 
title={On a strong form of propagation of chaos for {M}cKean-{V}lasov equations},
  author={Lacker, Daniel},
  journal={Electronic Communications in Probability},
  volume={23},
  number={45},
  pages={1-11},
  year={2018},
  publisher={{I}nstitute of {M}athematical {S}tatistics}
}

@article{bauer2018strong, 
title={Strong solutions of mean-field stochastic differential equations with irregular drift},
  author={Bauer, Martin, Thilo Meyer-Brandis and Frank Proske},
  journal={Electronic Communications in Probability},
  volume={23},
  number={132},
  pages={1-35},
  year={2018},
  publisher={{I}nstitute of {M}athematical {S}tatistics}
}

@article {jabin2018quantitative,
    AUTHOR = {Jabin, Pierre-Emmanuel and Wang, Zhenfu},
     TITLE = {Quantitative estimates of propagation of chaos for stochastic
              systems with {$W^{-1,\infty}$} kernels},
   JOURNAL = {Invent. Math.},
  FJOURNAL = {Inventiones Mathematicae},
    VOLUME = {214},
      YEAR = {2018},
    NUMBER = {1},
     PAGES = {523--591},
      ISSN = {0020-9910,1432-1297},
   MRCLASS = {35Q30 (35R60 60F10 60F17 60H10 60K35 76R99)},
  MRNUMBER = {3858403},
MRREVIEWER = {Paul\ Andr\'{e}\ Razafimandimby},
       DOI = {10.1007/s00222-018-0808-y},
       URL = {https://doi.org/10.1007/s00222-018-0808-y},
}

@article {olivera2023quantitative,
    AUTHOR = {Olivera, Christian and Richard, Alexandre and
              Toma\v{s}evi\'{c}, Milica},
     TITLE = {Quantitative particle approximation of nonlinear
              {F}okker-{P}lanck equations with singular kernel},
   JOURNAL = {Ann. Sc. Norm. Super. Pisa Cl. Sci. (5)},
  FJOURNAL = {Annali della Scuola Normale Superiore di Pisa. Classe di
              Scienze. Serie V},
    VOLUME = {24},
      YEAR = {2023},
    NUMBER = {2},
     PAGES = {691--749},
      ISSN = {0391-173X,2036-2145},
   MRCLASS = {60K35 (35K55 35Q84 60H30)},
  MRNUMBER = {4630042},
       DOI = {10.2422/2036-2145.202105\_087},
       URL = {https://doi.org/10.2422/2036-2145.202105_087},
}

@article {flandoli2020uniform,
    AUTHOR = {Flandoli, Franco and Olivera, Christian and Simon, Marielle},
     TITLE = {Uniform approximation of 2 dimensional {N}avier-{S}tokes
              equation by stochastic interacting particle systems},
   JOURNAL = {SIAM J. Math. Anal.},
  FJOURNAL = {SIAM Journal on Mathematical Analysis},
    VOLUME = {52},
      YEAR = {2020},
    NUMBER = {6},
     PAGES = {5339--5362},
      ISSN = {0036-1410,1095-7154},
   MRCLASS = {60H20 (35Q30 35R60 60F99 60H10)},
  MRNUMBER = {4169261},
       DOI = {10.1137/20M1328993},
       URL = {https://doi.org/10.1137/20M1328993},
}

@article{liu2019maximal,
  title={On a maximal inequality and its application to {SDE}s with singular drift},
  author={{L}iu, {X}uan and {X}i, {G}uangyu},
  journal={ar{X}iv preprint ar{X}iv:1905.13286},
  year={2019}
}

@article{beck2019stochastic,
  title={Stochastic {ODE}s and stochastic linear {PDE}s with critical drift: regularity, duality and uniqueness},
  author={Beck, Lisa and Flandoli, Franco and Gubinelli, Massimiliano and Maurelli, Mario},
  journal={Electronic Journal of Probability},
  volume={24},
  pages={1-72},
  year={2019},
  publisher={The Institute of Mathematical Statistics and the Bernoulli Society}
}

@article{zhao2019weak,
  title={Weak uniqueness for {{SDE}}s driven by supercritical stable processes with {H}{\"o}lder drifts},
  author={Zhao, Guohuan},
  journal={Proceedings of the American Mathematical Society},
  volume={147},
  number={2},
  pages={849--860},
  year={2019}
}

@article{mastrolia2017malliavin,
  title={On the {M}alliavin differentiability of {BSDE}s},
  author={Mastrolia, Thibaut and Possama{\"\i}, Dylan and R{\'e}veillac, Anthony},
  journal={Annales de l'Institut Henri Poincar{\'e}, Probabilit{\'e}s et Statistiques},
  volume={53},
  number={1},
  pages={464--492},
  year={2017},
  organization={Institut Henri Poincar{\'e}}
}

@article{wang2018distribution,
  title={Distribution dependent {{SDE}}s for {L}andau type equations},
  author={Wang, Feng-Yu},
  journal={Stochastic Processes and their Applications},
  volume={128},
  number={2},
  pages={595--621},
  year={2018},
  publisher={Elsevier}
}

@article{kulik2019weak,
  title={On weak uniqueness and distributional properties of a solution to an {SDE} with $\alpha$-stable noise},
  author={Kulik, Alexei M},
  journal={Stochastic Processes and their Applications},
  volume={129},
  number={2},
  pages={473--506},
  year={2019},
  publisher={Elsevier}
}

@article{zhao2021regularity,
  title={Regularity properties of jump diffusions with irregular coefficients},
  author={Zhao, Guohuan},
  journal={Journal of Mathematical Analysis and Applications},
  volume={502},
  number={1},
  pages={125220},
  year={2021},
  publisher={Elsevier}
}

@article{xia2020lqlp,
  title={${L}^q({L}^p)$-theory of stochastic differential equations},
  author={Xia, Pengcheng and Xie, Longjie and Zhang, Xicheng and Zhao, Guohuan},
  journal={Stochastic Processes and their Applications},
  volume={130}, 
  number={8}, 
  pages={5188-5211},
  year={2020},
  publisher={Elsevier}
}


@article{zhao2019stochastic,
  title={Stochastic {L}agrangian Flows for {{SDE}}s with rough coefficients},
  author={Zhao, Guohuan},
  journal={arXiv preprint arXiv:1911.05562},
  year={2019},
  mylabel={Zh19}
}

@article{zhang2017heat,
  title={Heat kernel and ergodicity of {SDE}s with distributional drifts},
  author={Zhang, Xicheng and Zhao, Guohuan},
  journal={arXiv preprint arXiv:1710.10537},
  year={2017}
}


@article{rockner2018well,
  title={Well-posedness of distribution dependent {{SDE}}s with singular drifts},
  author={R{\"o}ckner, Michael and Zhang, Xicheng},
  journal={arXiv preprint arXiv:1809.02216},
  year={2018}
}


@article{nam2020stochastic,
  title={Stochastic differential equations with critical drifts},
  author={Nam, Kyeongsik},
  journal={Stochastic Processes and their Applications},
  volume={130}, 
  number={9}, 
  pages={5366-5393},
  year={2020},
  publisher={Elsevier}
}

@article{huang2019distribution,
  title={Distribution dependent {{SDE}}s with singular coefficients},
  author={Huang, Xing and Wang, Feng-Yu},
  journal={Stochastic Processes and their Applications},
  volume={129},
  number={11},
  pages={4747--4770},
  year={2019},
  publisher={Elsevier}
}


@article {de2022well,
    AUTHOR = {Chaudru de Raynal, Paul-Eric and Frikha, Noufel},
     TITLE = {Well-posedness for some non-linear {SDE}s and related {PDE} on
              the {W}asserstein space},
   JOURNAL = {J. Math. Pures Appl. (9)},
  FJOURNAL = {Journal de Math\'{e}matiques Pures et Appliqu\'{e}es.
              Neuvi\`eme S\'{e}rie},
    VOLUME = {159},
      YEAR = {2022},
     PAGES = {1--167},
      ISSN = {0021-7824,1776-3371},
   MRCLASS = {60H10 (35K40 60H30)},
  MRNUMBER = {4377993},
MRREVIEWER = {Hans-J\"{o}rg\ Starkloff},
       DOI = {10.1016/j.matpur.2021.12.001},
       URL = {https://doi.org/10.1016/j.matpur.2021.12.001},
}


@article{kinzebulatov2019brownian,
  title={Brownian motion with general drift},
  author={Kinzebulatov, Damir and Sem{\"e}nov, Yu A},
  journal={Stochastic Processes and their Applications},
  volume={130}, 
  number={5}, 
  pages={2737-2750},
  year={2020},
  publisher={Elsevier}
}

@article{kinzebulatov2020feller,
  title={Feller generators and stochastic differential equations with singular (form-bounded) drift},
  author={Kinzebulatov, Damir and Sem{\"e}nov, Yu. A},
  journal={Osaka Journal of mathematics},
  year={2020}
}

@article{de2020strong,
  title={Strong well posedness of {M}c{K}ean-{V}lasov stochastic differential equations with {H}{\"o}lder drift},
  author={de Raynal, Paul-Eric Chaudru},
  journal={Stochastic Processes and their Applications},
  volume={130},
  number={1},
  pages={79--107},
  year={2020},
  publisher={Elsevier}
}

@article{krylov2021stochastic1,
  title={On stochastic {I}t\^o processes with drift in ${L}_d$},
  author={Krylov, NV},
  journal={Stochastic Processes and their Applications},
  volume={138},
  pages={1--25},
  year={2021},
  publisher={Elsevier}
}

@article{krylov2021stochastic2,
  title={On stochastic equations with drift in ${L}_d$},
  author={Krylov, NV},
  journal={The Annals of Probability},
  volume={49},
  number={5},
  pages={2371--2398},
  year={2021},
  publisher={Institute of Mathematical Statistics}
}

@article{krylov2021strong,
  title={On strong solutions of {I}t{\^o}’s equations with $\sigma\in {W}^1_d$ and $b\in {L}_d$},
  author={Krylov, NV},
  journal={The Annals of Probability},
  volume={49},
  number={6},
  pages={3142--3167},
  year={2021},
  publisher={Institute of Mathematical Statistics}
}

@article{krylov2021diffusion, 
  title={On diffusion processes with drift in ${L}_d$},
  author={Krylov, NV},
  journal={Probability Theory and Related Fields},
  volume={179},
  number={1},
  pages={165--199},
  year={2021},
  publisher={Springer}
}

@article{krylov2022diffusion,
  title={On diffusion processes with drift in ${L}_{d+1}$},
  author={Krylov, NV},
  journal={Potential Analysis},
  pages={1--25},
  year={2022},
  publisher={Springer}
}

@article{krylov2021time,
  title={On Time Inhomogeneous Stochastic {I}t{\^o} Equations with Drift in ${L}_{d+1}$},
  author={Krylov, NV},
  journal={Ukrainian Mathematical Journal},
  volume={72},
  number={9},
  pages={1420--1444},
  year={2021},
  publisher={Springer}
}

@article{zhao2021sdes,
  title={{SDE}s with random and irregular coefficients},
  author={Zhao, Guohuan},
  journal={Revista Matem{\'a}tica Iberoamericana},
  year={2021}
}

{F}okker-{P}lanck Equation: 
@article{manita2015uniqueness,
  title={On uniqueness of solutions to nonlinear Fokker--Planck--Kolmogorov equations},
  author={Manita, Oxana A and Romanov, Maxim S and Shaposhnikov, Stanislav V},
  journal={Nonlinear Analysis},
  volume={128},
  pages={199--226},
  year={2015},
  publisher={Elsevier}
}

@book{bogachev2015fokker,
  title={{F}okker-{P}lanck-Kolmogorov Equations},
  author={Bogachev, Vladimir I and Krylov, Nicolai V and R{\"o}ckner, Michael and Shaposhnikov, Stanislav V},
  volume={207},
  year={2015},
  publisher={American Mathematical Soc.}
}

@article{barbu2018probabilistic,
  title={Probabilistic Representation for Solutions to Nonlinear Fokker--Planck Equations},
  author={Barbu, Viorel and Röckner, Michael},
  journal={SIAM Journal on Mathematical Analysis},
  volume={50},
  number={4},
  pages={4246--4260},
  year={2018},
  publisher={SIAM}
}

@article{barbu2018nonlinear,
  title={From nonlinear {F}okker-{P}lanck equations to solutions of distribution dependent {{SDE}}},
  author={Barbu, Viorel and R{\"o}ckner, Michael},
  journal={arXiv preprint arXiv:1808.10706},
  year={2018}
}


@article{barbu2019uniqueness,
  title={Uniqueness for nonlinear Fokker-Planck equations and weak uniqueness for McKean-Vlasov {{SDE}}s},
  author={Barbu, Viorel and R{\"o}ckner, Michael},
  journal={arXiv preprint arXiv:1909.04464},
  year={2019}
}

Functional analysis: 
@article{hunt1965extension,
	author = {Richard A. Hunt},
	title = {An extension of the {M}arcinkiewicz interpolation theorem to {L}orentz spaces},
	volume = {71},
	journal = {Bulletin of the American Mathematical Society},
	number = {2},
	publisher = {American Mathematical Society},
	pages = {396},
	year = {1965},
}


@book{rudin1973functional,
  title={Functional analysis},
  author={Rudin, Walter},
  year={1973},
  publisher={McGraw-hill}
  }
  
  
  @article{sobolevskii1977fractional,
  title={Fractional powers of coercive-positive sums of operators},
  author={Sobolevskii, Pavel Evseyevich},
  journal={Siberian Mathematical Journal},
  volume={18},
  number={3},
  pages={454--469},
  year={1977},
  publisher={Springer}
}


@article{simon1986compact,
  title={Compact sets in the space ${L}^p (0,{T}; {B})$},
  author={{S}imon, {J}acques},
  journal={Annali di {M}atematica pura ed applicata},
  volume={146},
  number={1},
  pages={65--96},
  year={1986},
  publisher={Springer}
}

@article{sugita1985characterization,
  title={On a characterization of the Sobolev spaces over an abstract Wiener space},
  author={Sugita, Hiroshi and others},
  journal={Journal of Mathematics of Kyoto University},
  volume={25},
  number={4},
  pages={717--725},
  year={1985},
  publisher={Kyoto University}
}

@article{da1992compact,
  title={Compact families of {W}iener functionals},
  author={Da Prato, Giuseppe and Malliavin, Paul and Nualart, David},
  journal={{Comptes rendus de l'Acad{\'e}mie des sciences. S{\'e}rie 1, Math{\'e}matique}},
  volume={315},
  number={12},
  pages={1287--1291},
  year={1992}
}

@book{duoandikoetxea2001fourier,
  title={Fourier analysis},
  author={Duoandikoetxea, Javier and Zuazo, Javier Duoandikoetxea},
  volume={29},
  year={2001},
  publisher={American Mathematical Soc.}
}

  @article{bally2004relative,
  title={A relative compactness criterion in {Wiener--Sobolev} spaces and application to semi-linear stochastic {PDE}s},
  author={Bally, Vlad and Saussereau, Bruno},
  journal={Journal of Functional Analysis},
  volume={210},
  number={2},
  pages={465--515},
  year={2004},
  publisher={Elsevier}
  }
  
  @article{crippa2008estimates,
  title={Estimates and regularity results for the {DiPerna-Lions} flow},
  author={Crippa, Gianluca and De Lellis, Camillo},
  journal={Journal f{\"u}r die reine und angewandte Mathematik},
  volume={616},
  pages={15--46},
  year={2008},
  publisher={De Gruyter}
}

  @article{liskevich11some,
  title={Some problems on Markov semigroups, Schr{\"o}dinger operators, Markov semigroups, wavelet analysis, operator algebras},
  author={Liskevich, VA and Semenov, Yu A},
  journal={Math. Top},
  volume={11},
  pages={163--217},
  year={1996}
}

@article{duboscq2016stochastic,
  title={Stochastic regularization effects of semi-martingales on random functions},
  author={Duboscq, Romain and R{\'e}veillac, Anthony},
  journal={Journal de Math{\'e}matiques Pures et Appliqu{\'e}es},
  volume={106},
  number={6},
  pages={1141--1173},
  year={2016},
  publisher={Elsevier}
}

@article{coutin2019tanaka,
  title={The {I}t\^o-{T}anaka trick: a non-semimartingale approach},
  author={Coutin, Laure and Duboscq, Romain and R{\'e}veillac, Anthony},
  journal={arXiv preprint arXiv:1907.03629},
  year={2019}
}

@article{rockner2021strong,
  title={{SDE}s with critical time dependent drifts: strong solutions},
  author={R{\"o}ckner, Michael and Zhao, Guohuan},
  journal={arXiv:2103.05803},
  year={2021}
}


Levy process: 
@book{bertoin1996levy,
	title={L{\'e}vy processes},
	author={Bertoin, Jean},
	volume={121},
	year={1996},
	publisher={Cambridge university press Cambridge}
}

@incollection{jacob2001levy,
  title={L{\'e}vy-type processes and pseudodifferential operators},
  author={Jacob, Niels and Schilling, Ren{\'e} L},
  booktitle={L{\'e}vy processes},
  pages={139--168},
  year={2001},
  publisher={Springer}
}

@incollection{kunita2004stochastic,
  title={Stochastic differential equations based on {L}\'evy processes and stochastic flows of diffeomorphisms},
  author={Kunita, Hiroshi},
  booktitle={Real and stochastic analysis},
  pages={305--373},
  year={2004},
  publisher={Springer}
}

@article{tanaka1974perturbation,
  title={{P}erturbation of drift-type for {L}{\'e}vy processes},
  author={{T}anaka, {H}iroshi and {T}suchiya, {M}asaaki and {W}atanabe, {S}hinzo},
  journal={{J}ournal of {M}athematics of {K}yoto {U}niversity},
  volume={14},
  number={1},
  pages={73--92},
  year={1974},
  publisher={{K}yoto {U}niversity}
  }
  
  @article{fournier2002weak,
  title={A weak criterion of absolute continuity for jump processes: application to the Boltzmann equation},
  author={Fournier, Nicolas and M{\'e}{L}\'eard, Sylvie},
  journal={Bernoulli},
  volume={8},
  number={4},
  pages={537--558},
  year={2002},
  publisher={Bernoulli Society for Mathematical Statistics and Probability}
}

@article{bass2006systems,
  title={Systems of equations driven by stable processes},
  author={Bass, Richard F and Chen, Zhen-Qing},
  journal={Probability Theory and Related Fields},
  volume={134},
  number={2},
  pages={175--214},
  year={2006},
  publisher={Springer}
}

@article{sikic2006potential,
	title={Potential theory of geometric stable processes},
	author={{\v{S}}iki{\'c}, Hrvoje and Song, Renming and Vondra{\v{c}}ek, Zoran},
	journal={Probability Theory and Related Fields},
	volume={135},
	number={4},
	pages={547--575},
	year={2006},
	publisher={Springer}
}

@article {bass2009martingale,
    AUTHOR = {Bass, Richard F. and Tang, Huili},
     TITLE = {The martingale problem for a class of stable-like processes},
   JOURNAL = {Stochastic Process. Appl.},
  FJOURNAL = {Stochastic Processes and their Applications},
    VOLUME = {119},
      YEAR = {2009},
    NUMBER = {4},
     PAGES = {1144--1167},
      ISSN = {0304-4149},
   MRCLASS = {60J75 (60G52 60H10)},
  MRNUMBER = {2508568},
MRREVIEWER = {David Applebaum},
       DOI = {10.1016/j.spa.2008.06.003},
       URL = {https://doi.org/10.1016/j.spa.2008.06.003},
}

@article{priola2012pathwise,
  title={{P}athwise uniqueness for singular {{S}{D}{E}}s driven by stable processes},
  author={{P}riola, {E}nrico},
  journal={{O}saka {J}ournal of {M}athematics}, 
  volume={49},
  number={2},
  pages={421--447},
  year={2012},
  publisher={{O}saka {U}niversity and {O}saka {C}ity {U}niversity, {D}epartments of {M}athematics}
}
@article{debussche2013existence,
  title={Existence of densities for stable-like driven {{SDE}}s with {H}{\"o}lder continuous coefficients},
  author={Debussche, Arnaud and Fournier, Nicolas},
  journal={Journal of Functional Analysis},
  volume={264},
  number={8},
  pages={1757--1778},
  year={2013},
  publisher={Elsevier}
}
@article{zhang2013stochastic,
  title={Stochastic differential equations with {S}obolev drifts and driven by $\alpha$-stable processes},
  author={Zhang, Xicheng},
  journal={Annales de l'IHP Probabilit{\'e}s et statistiques},
  volume={49},
  number={4},
  pages={1057--1079},
  year={2013}
}

@article{priola2015stochastic,
  title={Stochastic flow for {{SDE}}s with jumps and irregular drift term.},
  author={{P}riola, {E}nrico},
  journal={Banach Center Publications}, 
  volume={105},
  number={1},
  pages={421--44193--210},
  year={2015},
  publisher={Banach Center Publications}
}


@article{priola2018davie,
  title={Davie's type uniqueness for a class of {{SDE}}s with jumps},
  author={Priola, Enrico},
  journal={Annales de l'Institut Henri Poincar{\'e}, Probabilit{\'e}s et Statistiques},
  volume={54},
  number={2},
  pages={694--725},
  year={2018},
  organization={Institut Henri Poincar{\'e}}
}

@article{grzywny2014harnack,
  title={On {H}arnack inequality and {H}{\"o}lder regularity for isotropic unimodal {L}{\'e}vy processes},
  author={Grzywny, Tomasz},
  journal={Potential Analysis},
  volume={41},
  pages={1--29},
  year={2014},
  publisher={Springer}
}

@article{haadem2014construction,
  title={On the construction and {M}alliavin differentiability of solutions of {L}\'evy noise driven {{SDE}}s with singular coefficients},
  author={Haadem, Sven and Proske, Frank},
  journal={Journal of Functional Analysis},
  volume={266},
  number={8},
  pages={5321--5359},
  year={2014},
  publisher={Elsevier}
}

@article{bogdan2015barriers,
	title={Barriers, exit time and survival probability for unimodal {L}{\'e}vy processes},
	author={Bogdan, Krzysztof and Grzywny, Tomasz and Ryznar, Michal},
	journal={Probability Theory and Related Fields},
	volume={162},
	pages={155--198},
	year={2015},
	publisher={Springer}
}

@article{chen2018stochastic,
  title={{S}tochastic flows for {L}\'evy processes with {H}\"{o}lder drifts},
  author={{C}hen, {Z}hen-{Q}ing and {S}ong, {R}enming and {Z}hang, {X}icheng},
  journal= {Revista Matemática Iberoamericana},
  volume={34},
  number={4},
  year={2018},
  publisher={European Mathematical Society Publishing House}
}


@article{chen2021supercritical,
  title={Supercritical {SDE}s driven by multiplicative stable-like L{\'e}vy processes},
  author={Chen, Zhen-Qing and Zhang, Xicheng and Zhao, Guohuan},
  journal={Transactions of the American Mathematical Society},
  volume={374},
  number={11},
  pages={7621--7655},
  year={2021}
}

@article{lin2019nonlocal,
  title={Nonlocal elliptic equation in {H}\" older space and the martingale problem},
  author={Lin, Chengcheng and Zhao, Guohuan},
  journal={arXiv preprint arXiv:1907.00588},
  year={2019}
}

@article{hao2020schauder,
  title={Schauder's estimates for nonlocal equations with singular {L}\'evy measures},
  author={Hao, Zimo and Wang, Zhen and Wu, Mingyan},
  journal={arXiv preprint arXiv:2002.09887},
  year={2020}
}

@article{athreya2020strong,
  title={Strong existence and uniqueness for stable stochastic differential equations with distributional drift},
  author={Athreya, Siva and Butkovsky, Oleg and Mytnik, Leonid},
  journal={The Annals of Probability},
  volume={48},
  number={1},
  pages={178--210},
  year={2020},
  publisher={Institute of Mathematical Statistics}
}

@book{bottcher2013levy,
  title={L{\'e}vy matters. III. L\'evy-Type Processes: Construction, Approximation and Sample Path Properties},
  author={B{\"o}ttcher, Bj{\"o}rn and Schilling, Ren{\'e} and Wang, Jian},
  journal={Lecture Notes in Mathematics},
  volume={2099}, 
  year={2013},
  publisher={Springer}
}

@article{zhao2020distribution,
  title={On Distribution depend {SDE}s with singular drifts},
  author={Zhao, Guohuan},
  journal={arXiv preprint arXiv:2003.04829},
  year={2020}
}

@article {rockner2023weak,
    AUTHOR = {R\"{o}ckner, Michael and Zhao, Guohuan},
     TITLE = {S{DE}s with critical time dependent drifts: weak solutions},
   JOURNAL = {Bernoulli},
  FJOURNAL = {Bernoulli. Official Journal of the Bernoulli Society for
              Mathematical Statistics and Probability},
    VOLUME = {29},
      YEAR = {2023},
    NUMBER = {1},
     PAGES = {757--784},
      ISSN = {1350-7265,1573-9759},
   MRCLASS = {60H10 (35D30 60J60)},
  MRNUMBER = {4497266},
MRREVIEWER = {Paulo\ R. C. Ruffino},
       DOI = {10.3150/22-bej1478},
       URL = {https://doi.org/10.3150/22-bej1478},
}


@article{da2013strong,
  title={Strong uniqueness for stochastic evolution equations in {H}ilbert spaces perturbed by a bounded measurable drift},
  author={Da Prato, Giuseppe and Flandoli, Franco and Priola, Enrico and R{\"o}ckner, Michael},
  journal={The Annals of Probability},
  volume={41},
  number={5},
  pages={3306--3344},
  year={2013},
  publisher={Institute of Mathematical Statistics}
}

@book{da2014stochastic,
  title={Stochastic equations in infinite dimensions},
  author={Da Prato, Giuseppe and Zabczyk, Jerzy},
  year={2014},
  publisher={Cambridge university press}
}

@book{applebaum2009levy,
  title={L{\'e}vy processes and stochastic calculus},
  author={Applebaum, David},
  year={2009},
  publisher={Cambridge university press}
}


{M}arkov process: 
@incollection{jacob2001levy,
  title={L{\'e}vy-type processes and pseudodifferential operators},
  author={Jacob, Niels and Schilling, Ren{\'e} L},
  booktitle={L{\'e}vy processes},
  pages={139--168},
  year={2001},
  publisher={Springer}
}

@book{jacob2005pseudo,
  title={Pseudo differential operators \& Markov processes},
  author={Jacob, Niels},
  volume={I-III},
  year={2001--2005},
  publisher={Imperial College Press}
}

@book{ethier2009markov,
  title={{M}arkov processes: characterization and convergence},
  author={{E}thier, {S}tewart {N} and {K}urtz, {T}homas {G}},
  volume={282},
  year={2009},
  publisher={{J}ohn {W}iley \& {S}ons}
}

@article{costantini2014viscosity,
  title={{V}iscosity methods giving uniqueness for martingale problems},
  author={{C}ostantini, {C}ristina and {K}urtz, {T}homas {G}},
  journal={ar{X}iv preprint ar{X}iv:1406.6650},
  year={2014}
}


NS equation:
 
@book{temam1977navier,
  title={{{N}}avier-{S}tokes equations: {T}heory and numerical analysis},
  author={{T}emam, {R}oger},
  volume={2},
  pages={510},
  year={1977},
  publisher={{A}msterdam, {N}orth-{H}olland {P}ublishing {C}o.({S}tudies in {M}athematics and {I}ts {A}pplications},
}

@article{caffarelli1982partial,
  title={Partial regularity of suitable weak solutions of the Navier-Stokes equations},
  author={Caffarelli, Luis and Kohn, Robert and Nirenberg, Louis},
  journal={Communications on pure and applied mathematics},
  volume={35},
  number={6},
  pages={771--831},
  year={1982},
  publisher={Wiley Online Library}
}

@article {kato19942DNS,
    AUTHOR = {Kato, Tosio},
     TITLE = {The {N}avier-{S}tokes equation for an incompressible fluid in
              {${\bf R}^2$} with a measure as the initial vorticity},
   JOURNAL = {Differential Integral Equations},
  FJOURNAL = {Differential and Integral Equations. An International Journal
              for Theory and Applications},
    VOLUME = {7},
      YEAR = {1994},
    NUMBER = {3-4},
     PAGES = {949--966},
      ISSN = {0893-4983},
   MRCLASS = {35Q30 (76D05)},
  MRNUMBER = {1270113},
MRREVIEWER = {J\"{u}rgen\ Socolowsky},
}

@article {gallay2005global,
    AUTHOR = {Gallay, Thierry and Wayne, C. Eugene},
     TITLE = {Global stability of vortex solutions of the two-dimensional
              {N}avier-{S}tokes equation},
   JOURNAL = {Comm. Math. Phys.},
  FJOURNAL = {Communications in Mathematical Physics},
    VOLUME = {255},
      YEAR = {2005},
    NUMBER = {1},
     PAGES = {97--129},
      ISSN = {0010-3616,1432-0916},
   MRCLASS = {35Q30 (35B35 76D05 76D17)},
  MRNUMBER = {2123378},
MRREVIEWER = {Ivan\ Stra\v{s}kraba},
       DOI = {10.1007/s00220-004-1254-9},
       URL = {https://doi.org/10.1007/s00220-004-1254-9},
}

@article{gallagher2005uniqueness,
  title={On the uniqueness of the solution of the two-dimensional Navier--Stokes equation with a Dirac mass as initial vorticity},
  author={Gallagher, Isabelle and Gallay, Thierry and Lions, Pierre-Louis},
  journal={Mathematische Nachrichten},
  volume={278},
  number={14},
  pages={1665--1672},
  year={2005},
  publisher={Wiley Online Library}
}

@book{robinson2016three,
  title={{T}he three-dimensional {{N}}avier-{S}tokes equations: {C}lassical theory},
  author={{R}obinson, {J}ames {C} and {R}odrigo, {J}os{\'e} {L} and {S}adowski, {W}itold},
  volume={157},
  year={2016},
  publisher={{C}ambridge {U}niversity {P}ress}
}

@article{dashti2009simple,
  title={{A} simple proof of uniqueness of the particle trajectories for solutions of the {{N}}avier-{S}tokes equations},
  author={{D}ashti, {M}asoumeh and {R}obinson, {J}ames {C}},
  journal={{N}onlinearity},
  volume={22},
  number={4},
  pages={735},
  year={2009},
  publisher={{I}{O}{P} {P}ublishing}
}

@article{chemin1995flot,
  title={{F}lot de champs de vecteurs non {L}ipschitziens et {\'e}quations de {{N}}avier-{S}tokes},
  author={{C}hemin, {J}-{Y} and {L}erner, {N}icolas},
  journal={{J}ournal of {D}ifferential {E}quations},
  volume={121},
  number={2},
  pages={314--328},
  year={1995},
  publisher={{A}cademic {P}ress}
}

@article{constantin2008stochastic,
  title={{A} stochastic {L}agrangian representation of the three-dimensional incompressible {{N}}avier-{S}tokes equations},
  author={{C}onstantin, {P}eter and {I}yer, {G}autam},
  journal={{C}ommunications on {P}ure and {A}pplied {M}athematics},
  volume={61},
  number={3},
  pages={330--345},
  year={2008},
  publisher={{W}iley {O}nline {L}ibrary}
}

@article{zhang2012stochastic,
  title={{S}tochastic {L}agrangian particle approach to fractal {{N}}avier-{S}tokes equations},
  author={{Z}hang, {X}icheng},
  journal={{C}ommunications in {M}athematical {P}hysics},
  volume={311},
  number={1},
  pages={133--155},
  year={2012},
  publisher={{S}pringer}
}

@article{zhang2010astochastic,
  title={{A} stochastic representation for backward incompressible {{N}}avier-{S}tokes equations},
  author={{Z}hang, {X}icheng},
  journal={{P}robability Theory and Related Fields},
  volume={148},
  number={1-2},
  pages={305--332},
  year={2010},
  publisher={{S}pringer}
}

@article{zhang2020stochastic,
  title={Stochastic {L}agrangian Path for {L}eray’s Solutions of 3{D} {N}avier--{S}tokes Equations},
  author={Zhang, Xicheng and Zhao, Guohuan},
  journal={Communications in Mathematical Physics},
  volume={381},
  number={2},
  pages={491--525},
  year={2021},
  publisher={Springer}
}


{O}{D}{E}: 
@article{diperna1989ordinary,
  title={{O}rdinary differential equations, transport theory and {S}obolev spaces},
  author={{D}i{P}erna, {R}onald {J} and {L}ions, {P}ierre-{L}ouis},
  journal={{I}nventiones mathematicae},
  volume={98},
  number={3},
  pages={511--547},
  year={1989},
  publisher={{S}pringer}
}

@article{ambrosio2004transport,
  title={{T}ransport equation and {C}auchy problem for {{B}{V}} vector fields},
  author={{A}mbrosio, {L}uigi},
  journal={{I}nventiones mathematicae},
  volume={158},
  pages={227--260},
  year={2004},
  publisher={{S}pringer}
}


{PDE}s:

@article{nirenberg1959extended,
  title={On elliptic partial differential equations},
  author={Nirenberg, Louis},
  journal={Annali Della Scuola Normale Superiore di Pisa-Classe di Scienze},
  volume={13},
  number={2},
  pages={115-162},
  year={1959}
}

@article{nirenberg1966extended,
  title={An extended interpolation inequality},
  author={Nirenberg, Louis},
  journal={Annali Della Scuola Normale Superiore di Pisa-Classe di Scienze},
  volume={20},
  number={4},
  pages={733--737},
  year={1966}
}

@article {donaldson1971orlicz,
    AUTHOR = {Donaldson, Thomas K. and Trudinger, Neil S.},
     TITLE = {Orlicz-{S}obolev spaces and imbedding theorems},
   JOURNAL = {J. Functional Analysis},
    VOLUME = {8},
      YEAR = {1971},
     PAGES = {52--75},
   MRCLASS = {46E35},
  MRNUMBER = {0301500},
MRREVIEWER = {R. D. McWilliams},
       DOI = {10.1016/0022-1236(71)90018-8},
       URL = {https://doi.org/10.1016/0022-1236(71)90018-8},
}

@article{giaquinta1982partial,
	title={On the partial regularity of weak solutions of nonlinear parabolic systems},
	author={Giaquinta, Mariano and Struwe, Michael},
	journal={Mathematische Zeitschrift},
	volume={179},
	pages={437--451},
	year={1982},
	publisher={Springer}
}

@book{ladyvzenskaja1988linear,
  title={{L}inear and quasi-linear equations of parabolic type},
  author={{L}adyzenskaja, {O}l\'ga {A} and {S}olonnikov, {V}sevolod {A}lekseevich and {U}ral\`ceva, {N}ina {N}},
  volume={23},
  year={1988},
  publisher={{A}merican {M}athematical {S}oc.}
}

@article{kufner1995interpolation,
  title={An interpolation inequality involving {H}{\"o}lder norms},
  author={Kufner, Alois and Wannebo, Andreas},
  journal={Georgian Mathematical Journal},
  volume={2},
  number={6},
  pages={603--612},
  year={1995},
  publisher={Springer}
}

@article{simon1997schauder,
  title={Schauder estimates by scaling},
  author={Simon, Leon},
  journal={Calculus of Variations and Partial Differential Equations},
  volume={5},
  pages={391--407},
  year={1997},
  publisher={Springer}
}

@article{tartar1998imbedding,
  title={Imbedding theorems of {S}obolev spaces into {L}orentz spaces},
  author={Tartar, Luc},
  journal={Bollettino della Unione Matematica Italiana-B},
  volume={1-B},
  number={3},
  pages={479--500},
  year={1998},
  publisher={Bologna [Italy]: N. Zanichelli, 1976-}
}
 
@article{krylov2001heat,
  title={The heat equation in ${L}_q ((0, {T}), {L}_p)$-spaces with weights},
  author={Krylov, Nicolai V},
  journal={SIAM Journal on Mathematical Analysis},
  volume={32},
  number={5},
  pages={1117--1141},
  year={2001},
  publisher={SIAM}
}

@article{semenov2006regularity,
  title={Regularity theorems for parabolic equations},
  author={Semenov, Yu. A.},
  journal={Journal of Functional Analysis},
  volume={231},
  number={2},
  pages={375--417},
  year={2006},
  publisher={Elsevier}
}
@article {mikulevicius2014cauchy,
    AUTHOR = {Mikulevicius, R. and Pragarauskas, H.},
     TITLE = {On the {C}auchy problem for integro-differential operators in
              {H}\"{o}lder classes and the uniqueness of the martingale problem},
   JOURNAL = {Potential Anal.},
  FJOURNAL = {Potential Analysis. An International Journal Devoted to the
              Interactions between Potential Theory, Probability Theory,
              Geometry and Functional Analysis},
    VOLUME = {40},
      YEAR = {2014},
    NUMBER = {4},
     PAGES = {539--563},
      ISSN = {0926-2601},
   MRCLASS = {45K05 (35A08 35B65 35R09 60J75)},
  MRNUMBER = {3201992},
MRREVIEWER = {Sudhakar G. Pandit},
       DOI = {10.1007/s11118-013-9359-4},
       URL = {https://doi.org/10.1007/s11118-013-9359-4},
}

@article{mikulevivcius1992cauchy,
  title={On the {C}auchy problem for certain integro-differential operators in {S}obolev and {H}{\"o}lder spaces},
  author={Mikulevicius, Remigijus and Pragarauskas, Henrikas},
  journal={Lithuanian Mathematical Journal},
  volume={32},
  number={2},
  pages={238--264},
  year={1992},
  publisher={Springer}
}

@article{escauriaza2003backward,
  title={Backward uniqueness for parabolic equations},
  author={Escauriaza, Luis and Seregin, Gregory and {\v{S}}ver{\'a}k, Vladimir},
  journal={Archive for Rational Mechanics and Analysis},
  volume={169},
  number={2},
  pages={147--157},
  year={2003},
  publisher={Springer}
}

@article{chen2007new,
  title={A new Bernstein’s inequality and the 2D dissipative quasi-geostrophic equation},
  author={Chen, Qionglei and Miao, Changxing and Zhang, Zhifei},
  journal={Communications in mathematical physics},
  volume={271},
  number={3},
  pages={821--838},
  year={2007},
  publisher={Springer}
}

@book{friedman2008partial,
  title={Partial differential equations of parabolic type},
  author={Friedman, Avner},
  year={2008},
  publisher={Courier Dover Publications}
}

@article{barles2008second,
  title={{S}econd-order elliptic integro-differential equations: viscosity solutions' theory revisited},
  author={{B}arles, {G}uy and {I}mbert, {C}yril},
  journal={{A}nnales de l'{I}nstitut {H}enri {P}oincare ({C}) {N}on {L}inear {A}nalysis},
  volume={25},
  number={3},
  pages={567--585},
  year={2008},
  organization={{E}lsevier}
}

@article{kim2008lq,
  title={${L}_q({L}_p)$-Theory of parabolic {PDE}s with variable coefficients},
  author={Kim, Kyeong-Hun},
  journal={Bulletin of the Korean Mathematical Society},
  volume={45},
  number={1},
  pages={169--190},
  year={2008},
  publisher={Korean Mathematical Society}
}

@article{dong2009navier,
  title={The {N}avier-{S}tokes equations in the critical {L}ebesgue space},
  author={Dong, Hongjie and Du, Dapeng},
  journal={Communications in Mathematical Physics},
  volume={292},
  number={3},
  pages={811-827},
  year={2009},
  publisher={Springer}
}

@article {caffarelli2009regularity,
    AUTHOR = {Caffarelli, Luis and Silvestre, Luis},
     TITLE = {Regularity theory for fully nonlinear integro-differential
              equations},
   JOURNAL = {Comm. Pure Appl. Math.},
  FJOURNAL = {Communications on Pure and Applied Mathematics},
    VOLUME = {62},
      YEAR = {2009},
    NUMBER = {5},
     PAGES = {597--638},
      ISSN = {0010-3640},
   MRCLASS = {35R09 (34B30 35B65 35J60 41A17 45J05 60J75 93E20)},
  MRNUMBER = {2494809},
MRREVIEWER = {Fabiana Leoni},
       DOI = {10.1002/cpa.20274},
       URL = {https://doi.org/10.1002/cpa.20274},
}
	
@article{caffarelli2010giorgi,
  title={The {D}e {G}iorgi method for regularity of solutions of elliptic equations and its applications to fluid dynamics},
  author={Caffarelli, Luis A and Vasseur, Alexis F},
  journal={Discrete \& Continuous Dynamical Systems-S},
  volume={3},
  number={3},
  pages={409},
  year={2010},
  publisher={American Institute of Mathematical Sciences}
}

@book{evans2010partial,
   title={Partial Differential Equations},
   author={Evans, Lawrence C},
   volum={19},
   year={2010},
   publisher={The American Mathematical Society}
}

@book{bahouri2011fourier,
  title={Fourier analysis and nonlinear partial differential equations},
  author={Bahouri, Hajer and Chemin, Jean-Yves and Danchin, Rapha{\"e}l},
  volume={343},
  year={2011},
  publisher={Springer Science \& Business Media}
}

@article{silvestre2012differentiability,
  title={{O}n the differentiability of the solution to an equation with drift and fractional diffusion},
  author={{S}ilvestre, {L}uis},
  journal={Indiana University Mathematics Journal},
  volume={61},
  number={2}, 
  pages={557-584},
  year={2012}
}

@article{crandall1992user,
  title={{U}sers guide to viscosity solutions of second order partial differential equations},
  author={{C}randall, {M}ichael {G} and {I}shii, {H}itoshi and {L}ions, {P}ierre-{L}ouis},
  journal={{B}ulletin of the {A}merican {M}athematical {S}ociety},
  volume={27},
  number={1},
  pages={1--67},
  year={1992}
}

@article {bass2009regularity,
    AUTHOR = {Bass, Richard F.},
     TITLE = {Regularity results for stable-like operators},
   JOURNAL = {J. Funct. Anal.},
  FJOURNAL = {Journal of Functional Analysis},
    VOLUME = {257},
      YEAR = {2009},
    NUMBER = {8},
     PAGES = {2693--2722},
      ISSN = {0022-1236},
   MRCLASS = {47G30 (31B35 35B65 47F05)},
  MRNUMBER = {2555009},
MRREVIEWER = {Erkan Nane},
       DOI = {10.1016/j.jfa.2009.05.012},
       URL = {https://doi.org/10.1016/j.jfa.2009.05.012},
}
	

@article{barles2010h,
  title={{H}\"{o}lder continuity of solutions of second-order non-linear elliptic integro-differential equations},
  author={{B}arles, {G}uy and {C}hasseigne, {E}mmanuel and {I}mbert, {C}yril},
  journal={ar{X}iv preprint ar{X}iv:1009.0685},
  year={2010}
}

@book{han2011elliptic,
  title={Elliptic partial differential equations},
  author={Han, Qing and Lin, Fanghua},
  volume={1},
  year={2011},
  publisher={American Mathematical Soc.}
}

@article{nazarov2012harnack,
  title={{T}he {H}arnack inequality and related properties for solutions of elliptic and parabolic equations with divergence-free lower-order coefficients},
  author={{N}azarov, {A.~I.} and {U}ral'tseva, {N.~N}},
  journal={{S}t. {P}etersburg {M}athematical {J}ournal},
  volume={23},
  number={1},
  pages={93--115},
  year={2012}
}

@article{dong2013schauder,
  title={Schauder estimates for a class of non-local elliptic equations},
  author={Dong, Hongjie and Kim, Doyoon},
  journal={Discrete Contin. Dyn. Syst.},
  volume={33},
  number={6},
  pages={2319–2347},
  year={2013}
 }
 
 
@article {dong2012lpestimates,
    AUTHOR = {Dong, Hongjie and Kim, Doyoon},
     TITLE = {On {$L_p$}-estimates for a class of non-local elliptic
              equations},
   JOURNAL = {J. Funct. Anal.},
  FJOURNAL = {Journal of Functional Analysis},
    VOLUME = {262},
      YEAR = {2012},
    NUMBER = {3},
     PAGES = {1166--1199},
      ISSN = {0022-1236},
   MRCLASS = {35R11 (35A01 35A02 35D35 60J75)},
  MRNUMBER = {2863859},
MRREVIEWER = {Mounir Bezzarga},
       DOI = {10.1016/j.jfa.2011.11.002},
       URL = {https://doi.org/10.1016/j.jfa.2011.11.002},
}
 
 @article {zhang2013maximal,
    AUTHOR = {Zhang, Xicheng},
     TITLE = {{$L^p$}-maximal regularity of nonlocal parabolic equations and
              applications},
   JOURNAL = {Ann. Inst. H. Poincar\'{e} C Anal. Non Lin\'{e}aire},
  FJOURNAL = {Annales de l'Institut Henri Poincar\'{e} C. Analyse Non Lin\'{e}aire},
    VOLUME = {30},
      YEAR = {2013},
    NUMBER = {4},
     PAGES = {573--614},
      ISSN = {0294-1449},
   MRCLASS = {35R11 (35B65 35K15)},
  MRNUMBER = {3082477},
       DOI = {10.1016/j.anihpc.2012.10.006},
       URL = {https://doi.org/10.1016/j.anihpc.2012.10.006},
}
	
 @article{wang2011frequency,
  title={A frequency localized maximum principle applied to the 2{D} quasi-geostrophic equation},
  author={Wang, Henggeng and Zhang, Zhifei},
  journal={Communications in Mathematical Physics},
  volume={301},
  number={1},
  pages={105--129},
  year={2011},
  publisher={Springer}
}
 
 @article{gallagher2013profile,
  title={A profile decomposition approach to the ${L}^\infty_t({L}^3_x)$ {N}avier--{S}tokes regularity criterion},
  author={Gallagher, Isabelle and Koch, Gabriel S and Planchon, Fabrice},
  journal={Mathematische Annalen},
  volume={355},
  number={4},
  pages={1527--1559},
  year={2013},
  publisher={Springer}
}

@article {kassmann2017intrinsic,
    AUTHOR = {Kassmann, Moritz and Mimica, Ante},
     TITLE = {Intrinsic scaling properties for nonlocal operators},
   JOURNAL = {J. Eur. Math. Soc. (JEMS)},
  FJOURNAL = {Journal of the European Mathematical Society (JEMS)},
    VOLUME = {19},
      YEAR = {2017},
    NUMBER = {4},
     PAGES = {983--1011},
      ISSN = {1435-9855},
   MRCLASS = {35R09 (31B05 35B65 45P05 47G20 60J75)},
  MRNUMBER = {3626549},
MRREVIEWER = {Shulin Zhou},
       DOI = {10.4171/JEMS/686},
       URL = {https://doi.org/10.4171/JEMS/686},
}

@article {dong2017dini,
    AUTHOR = {Dong, Hongjie and Zhang, Hong},
     TITLE = {Dini estimates for nonlocal fully nonlinear elliptic
              equations},
   JOURNAL = {Ann. Inst. H. Poincar\'{e} C Anal. Non Lin\'{e}aire},
  FJOURNAL = {Annales de l'Institut Henri Poincar\'{e} C. Analyse Non Lin\'{e}aire},
    VOLUME = {35},
      YEAR = {2018},
    NUMBER = {4},
     PAGES = {971--992},
      ISSN = {0294-1449},
   MRCLASS = {35J60 (35B65)},
  MRNUMBER = {3795023},
MRREVIEWER = {Barbara Brandolini},
       DOI = {10.1016/j.anihpc.2017.09.003},
       URL = {https://doi.org/10.1016/j.anihpc.2017.09.003},
}

@article{dong2018dini,
  title={Dini and Schauder estimates for nonlocal fully nonlinear parabolic equations with drifts},
  author={Dong, Hongjie and Jin, Tianling and Zhang, Hong},
  journal={Analysis \& PDE},
  volume={11},
  number={6},
  pages={1487--1534},
  year={2018},
  publisher={Mathematical Sciences Publishers}
}

@article {dong2023boundedness,
    AUTHOR = {Dong, Hongjie and Jung, Pilgyu and Kim, Doyoon},
     TITLE = {Boundedness of non-local operators with spatially dependent
              coefficients and {$L_p$}-estimates for non-local equations},
   JOURNAL = {Calc. Var. Partial Differential Equations},
  FJOURNAL = {Calculus of Variations and Partial Differential Equations},
    VOLUME = {62},
      YEAR = {2023},
    NUMBER = {2},
     PAGES = {Paper No. 62, 28},
      ISSN = {0944-2669},
   MRCLASS = {35B65 (26A33 35R11 47B38)},
  MRNUMBER = {4530309},
       DOI = {10.1007/s00526-022-02392-4},
       URL = {https://doi.org/10.1007/s00526-022-02392-4},
}

@article {dyda2020regularity,
    AUTHOR = {Dyda, Bart{l}omiej and Kassmann, Moritz},
     TITLE = {Regularity estimates for elliptic nonlocal operators},
   JOURNAL = {Anal. PDE},
  FJOURNAL = {Analysis \& PDE},
    VOLUME = {13},
      YEAR = {2020},
    NUMBER = {2},
     PAGES = {317--370},
      ISSN = {2157-5045},
   MRCLASS = {31B05 (35B05 35B45 35R11 47G20)},
  MRNUMBER = {4078229},
MRREVIEWER = {Jens Wirth},
       DOI = {10.2140/apde.2020.13.317},
       URL = {https://doi.org/10.2140/apde.2020.13.317},
}
	
	
@article{ling2022nonlocal,
  title={Nonlocal elliptic equation in {H}\"older space and the martingale problem},
  author={Ling, Chengcheng and Zhao, Guohuan},
  journal={Journal of Differential Equations},
  volume={314},
  pages={653--699},
  year={2022},
  publisher={Elsevier}
}

@article{zhang2018dirichlet,
  title={Dirichlet problem for supercritical nonlocal operators},
  author={Zhang, Xicheng and Zhao, Guohuan},
  journal={arXiv preprint arXiv:1809.05712},
  year={2018}
}

@article{de2020schauder,
  title={Schauder estimates for drifted fractional operators in the supercritical case},
  author={de Raynal, Paul-{\'E}ric Chaudru and Menozzi, Stephane and Priola, Enrico},
  journal={Journal of Functional Analysis},
  volume={278},
  number={8},
  pages={108425},
  year={2020},
  publisher={Elsevier}
}

@article{kinzebulatov2017new,
  title={A new approach to the ${L}^p$-theory of $-{\Delta}+ b\cdot\nabla$, and its applications to Feller processes with general drifts},
  author={Kinzebulatov, Damir},
  journal={Annali della Scuola Normale Superiore di Pisa},
  year={2017}
}

@article{Kang2021time,
  title={An ${L}_q({L}_p)$-theory for time-fractional diffusion equations with nonlocal operators generated by {L}\'evy processes with low intensity of small jumps},
  author={Jaehoon Kang and Daehan Park},
  journal={arXiv preprint arXiv:2110.01800},
  year={2021}
}

Real Analysis: 

@book{stein1970singular,
  title={{S}ingular integrals and differentiability properties of functions},
  author={{S}tein, {E}lias {M}},
  volume={2},
  year={1970},
  publisher={{P}rinceton university press}
}


Heat kernel: 
@article{zhang1997gaussian,
  title={Gaussian bounds for the fundamental solutions of $\nabla ({A}\nabla u)+ {B}\nabla u- u_t= 0$},
  author={Zhang, Qi S},
  journal={manuscripta mathematica},
  volume={93},
  number={1},
  pages={381--390},
  year={1997},
  publisher={Springer}
}

@article{chen2017heat,
  title={Heat kernels for non-symmetric diffusion operators with jumps},
  author={Chen, Zhen-Qing and Hu, Eryan and Xie, Longjie and Zhang, Xicheng},
  journal={Journal of Differential Equations},
  volume={263},
  number={10},
  pages={6576--6634},
  year={2017},
  publisher={Elsevier}
}


@article{qian2017parabolic,
  title={{P}arabolic equations with divergence-free drift in space ${L}_t^l{L}_x^q$}, 
  author={{Q}ian, {Z}hongmin and {X}i, {G}uangyu},
  journal={ar{X}iv preprint ar{X}iv:1704.02173},
  year={2017}
}

SPDE: 

@article{flandoli2010well,
  title={Well-posedness of the transport equation by stochastic perturbation},
  author={Flandoli, Franco and Gubinelli, Massimiliano and Priola, Enrico},
  journal={Inventiones mathematicae},
  volume={180},
  number={1},
  pages={1--53},
  year={2010},
  publisher={Springer}
}

@book{flandoli2011random,
  title={Random Perturbation of {PDE}s and Fluid Dynamic Models: {\'E}cole d’{\'e}t{\'e} de Probabilit{\'e}s de Saint-Flour XL--2010},
  author={Flandoli, Franco},
  volume={2015},
  year={2011},
  publisher={Springer Science \& Business Media}
}

@article{da2013strong,
  title={Strong uniqueness for stochastic evolution equations in Hilbert spaces perturbed by a bounded measurable drift},
  author={Da Prato, Giuseppe and Flandoli, Franco and Priola, Enrico and R{\"o}ckner, Michael},
  journal={The Annals of Probability},
  volume={41},
  number={5},
  pages={3306--3344},
  year={2013},
  publisher={Institute of Mathematical Statistics}
}

@article{neves2015wellposedness,
  title={Well-posedness for stochastic continuity equations with {Ladyzhenskaya--Prodi--Serrin} condition},
  author={Neves, Wladimir and Olivera, Christian},
  journal={Nonlinear Differential Equations and Applications NoDEA},
  volume={22},
  number={5},
  pages={1247--1258},
  year={2015},
  publisher={Springer}
}

@article{da2016strong,
  title={Strong uniqueness for {SDE}s in Hilbert spaces with nonregular drift},
  author={Da Prato, Giuseppe and Flandoli, Franco and R{\"o}ckner, Michael and Veretennikov, A Yu},
  journal={The Annals of Probability},
  volume={44},
  number={3},
  pages={1985--2023},
  year={2016},
  publisher={Institute of Mathematical Statistics}
}

Stochastic analysis: 

@article{krylov2011ito,
  title={On the {I}t{\^o}-{W}entzell formula for distribution-valued processes and related topics},
  author={Krylov, Nicolai V},
  journal={Probability Theory and Related Fields},
  volume={150},
  number={1-2},
  pages={295--319},
  year={2011},
  publisher={Springer}
}

@book{nualart2006malliavin,
  title={The {M}alliavin calculus and related topics},
  author={Nualart, David},
  volume={1995},
  year={2006},
  publisher={Springer}
}

@book{bogachev2010differentiable,
  title={Differentiable measures and the {M}alliavin calculus},
  author={Bogachev, Vladimir Igorevich},
  number={164},
  year={2010},
  publisher={American Mathematical Soc.}
}

@incollection{kunita1981some,
  title={Some extensions of Ito's formula},
  author={Kunita, Hiroshi},
  booktitle={S{\'e}minaire de Probabilit{\'e}s XV 1979/80},
  pages={118--141},
  year={1981},
  publisher={Springer}
}

@article{tang2016cauchy,
  title={On the Cauchy problem for backward stochastic partial differential equations in H{\"o}lder spaces},
  author={Tang, Shanjian and Wei, Wenning},
  journal={The Annals of Probability},
  volume={44},
  number={1},
  pages={360--398},
  year={2016},
  publisher={Institute of Mathematical Statistics}
}

@article{du2012lp,
  title={${L}^p$ theory for super-parabolic backward stochastic partial differential equations in the whole space},
  author={Du, Kai and Qiu, Jinniao and Tang, Shanjian},
  journal={Applied Mathematics \& Optimization},
  volume={65},
  number={2},
  pages={175--219},
  year={2012},
  publisher={Springer}
}

@article{costantini2015viscosity,
  title={Viscosity methods giving uniqueness for martingale problems},
  author={Costantini, Cristina and Kurtz, Thomas},
  journal={Electronic Journal of Probability},
  volume={20},
  year={2015},
  publisher={The Institute of Mathematical Statistics and the Bernoulli Society}
}

Some books and report: 

@book{bass1998diffusions,
  title={Diffusions and elliptic operators},
  author={Bass, Richard F},
  year={1998},
  publisher={Springer Science \& Business Media}
}

@book{Huang,
	title={Fundamentals of stochastic analysis, version 2 (in Chinese)},
	author={Huang, Zhiyuan},
	year={2001},
	publisher={Science Press}
}

@book{adams2003sobolev,
  title={{S}obolev spaces},
  author={Adams, Robert A and Fournier, John JF},
  year={2003},
  publisher={Elsevier}
}

@book{grafakos2008classical,
  title={Classical {F}ourier {A}nalysis},
  author={Grafakos, Loukas},
  year={2008},
  publisher={Springer}
}

@book{di2009malliavin,
  title={{M}alliavin calculus for {L}\'evy processes with applications to finance},
  author={Di Nunno, Giulia and {\O}ksendal, Bernt Karsten and Proske, Frank},
  volume={2},
  year={2009},
  publisher={Springer}
}

@book{villani2008optimal,
  title={Optimal transport: old and new},
  author={Villani, C{\'e}dric},
  volume={338},
  year={2008},
  publisher={Springer Science \& Business Media}
}

@book{john1978partial,
  title={Partial Differential Equations},
  author={John, Fritz},
  volume={1},
  year={1978},
  publisher={Springer}
  }


@book{bergh2012interpolation,
  title={Interpolation spaces: an introduction},
  author={Bergh, J{\"o}ran and L{\"o}fstr{\"o}m, J{\"o}rgen},
  volume={223},
  year={2012},
  publisher={Springer Science \& Business Media}
}


@book{carmona2018probabilistic,
  title={Probabilistic Theory of Mean Field Games with Applications I-II},
  author={Carmona, Ren{\'e} and Delarue, Fran{\c{c}}ois},
  year={2018},
  publisher={Springer}
}

@book{durrett2019probability,
  title={Probability: theory and examples},
  author={Durrett, Rick},
  volume={49},
  year={2019},
  publisher={Cambridge university press}
}

@book {Yan2021Measure,
	AUTHOR = {Yan, Jiaan},
	TITLE = {Lecture note on Measure Theory},
	EDITION = {Third},
	PUBLISHER = {Science Press, China},
	YEAR = {2021},
}

@incollection{sznitman1991topics,
  title={Topics in propagation of chaos},
  author={Sznitman, Alain-Sol},
  booktitle={Ecole d'{\'e}t{\'e} de probabilit{\'e}s de Saint-Flour XIX—1989},
  pages={165--251},
  year={1991},
  publisher={Springer}
}

@book{triebel1992theory,
  title={Theory of function spaces II},
  author={Triebel, Hans.},
  volume={84},
  year={1992},
  publisher={Birkh\"auser Basel}
}

@book{pata2019fixed,
  title={Fixed point theorems and applications},
  author={Pata, Vittorino},
  volume={116},
  year={2019},
  publisher={Springer}
}

@book{harjulehto2019generalized,
  title={{O}rlicz {S}paces and {G}eneralized {O}rlicz {S}paces},
  author={Harjulehto, Petteri and H{\"a}st{\"o}, Peter},
  year={2019},
  publisher={Springer}
}



NSE: 
@article{leray1934mouvement,
  title={Sur le mouvement d'un liquide visqueux emplissant l'espace},
  author={Leray, Jean},
  journal={Acta Mathematica},
  volume={63},
  pages={193--248},
  year={1934},
  publisher={Institut Mittag-Leffler}
}

@article{prodi1959teorema,
  title={Un teorema di unicita per le equazioni di {Navier-Stokes}},
  author={Prodi, Giovanni},
  journal={Annali di Matematica Pura ed Applicata},
  volume={48},
  number={1},
  pages={173--182},
  year={1959},
  publisher={Springer}
}

@article{ladyzhenskaya1967uniqueness,
  title={On the uniqueness and on the smoothness of weak solutions of the {Navier-Stokes} equations},
  author={Ladyzhenskaya, Olga Aleksandrovna},
  journal={Zapiski Nauchnykh Seminarov POMI},
  volume={5},
  pages={169--185},
  year={1967},
  publisher={St. Petersburg Department of Steklov Institute of Mathematics, Russian}
}

@article{serrin1962interior,
  title={On the interior regularity of weak solutions of the {Navier-Stokes} equations},
  author={Serrin, James},
  journal={Archive for Rational Mechanics and Analysis},
  volume={9},
  pages={187--195},
  year={1962},
  publisher={Springer}
}

@article{fabes1972initial,
  title={The initial value problem for the {Navier-Stokes} equations with data in ${L}^p$},
  author={Fabes, Eugene Barry and Jones, B Frank and Riviere, Nestor M},
  journal={Archive for Rational Mechanics and Analysis},
  volume={45},
  number={3},
  pages={222--240},
  year={1972},
  publisher={Springer}
}

@article{giga1986solutions,
  title={Solutions for semilinear parabolic equations in ${L}^p$ and regularity of weak solutions of the {Navier-Stokes} system},
  author={Giga, Yoshikazu},
  journal={Journal of Differential Equations},
  volume={62},
  number={2},
  pages={186--212},
  year={1986},
  publisher={Elsevier}
}

@article{giga1988two,
	title={Two Dimensional Navier Stokes Flow with Measures as Initial Vorticity},
	author={Giga, Yoshikazu and Miyakawa, Tetsuro and Osada, Hirofumi},
	journal={Archive for Rational Mechanics and Analysis},
	volume={104},
	number={3},
	pages={223--250},
	year={1988}
}

@article{ben1994global,
  title={Global solutions of two-dimensional {N}avier-{S}tokes and Euler equations},
  author={Ben-Artzi, Matania},
  journal={Archive for Rational Mechanics and Analysis},
  volume={128},
  number={4},
  pages={329--358},
  year={1994},
  publisher={Springer}
}

@article{brezis1994remarks,
	title={Remarks on the preceding paper by M. Ben-Artzi “Global solutions of two-dimensional Navier-Stokes and Euler equations”},
	author={Brezis, Ha{\"\i}m},
	journal={Archive for rational mechanics and analysis},
	volume={128},
	number={4},
	pages={359--360},
	year={1994},
	publisher={Springer-Verlag Berlin/Heidelberg}
}

@article {Isabelle2005uniqueness,
	AUTHOR = {Gallagher, Isabelle and Gallay, Thierry},
	TITLE = {Uniqueness for the two-dimensional {N}avier-{S}tokes equation
	with a measure as initial vorticity},
	JOURNAL = {Math. Ann.},
	FJOURNAL = {Mathematische Annalen},
	VOLUME = {332},
	YEAR = {2005},
	NUMBER = {2},
	PAGES = {287--327},
	ISSN = {0025-5831,1432-1807},
	MRCLASS = {35Q30 (35A05 76D03 76D05)},
	MRNUMBER = {2178064},
	MRREVIEWER = {Toshiaki\ Hishida},
	DOI = {10.1007/s00208-004-0627-x},
	URL = {https://doi.org/10.1007/s00208-004-0627-x},
}

@article{zhang2010stochastic,
  title={A stochastic representation for backward incompressible {Navier-Stokes} equations},
  author={Zhang, Xicheng},
  journal={Probability theory and related fields},
  volume={148},
  number={1-2},
  pages={305--332},
  year={2010},
  publisher={Springer}
}

@article{rezakhanlou2016stochastically,
  title={Stochastically symplectic maps and their applications to the {Navier-Stokes} equation},
  author={Rezakhanlou, Fraydoun},
  journal={{Annales de l'Institut Henri Poincare (C) Non Linear Analysis}},
  volume={33},
  number={1},
  pages={1--22},
  year={2016},
  publisher={Elsevier}
}


@article{fang2018constantin,
  title={Constantin and Iyer's representation formula for the Navier-Stokes equations on manifolds},
  author={Fang, Shizan and Luo, Dejun},
  journal={Potential Analysis},
  volume={48},
  number={2},
  pages={181--206},
  year={2018},
  publisher={Springer}
}


@article{da2003ergodicity,
  title={Ergodicity for the 3{D} stochastic {N}avier--{S}tokes equations},
  author={Da Prato, Giuseppe and Debussche, Arnaud},
  journal={Journal de math{\'e}matiques pures et appliqu{\'e}es},
  volume={82},
  number={8},
  pages={877--947},
  year={2003},
  publisher={Elsevier}
}

@article{flandoli1995martingale,
  title={Martingale and stationary solutions for stochastic {Navier-Stokes} equations},
  author={Flandoli, Franco and Gatarek, Dariusz},
  journal={Probability Theory and Related Fields},
  volume={102},
  number={3},
  pages={367--391},
  year={1995},
  publisher={Springer}
}

@article{flandoli2008markov,
  title={Markov selections for the 3{D} stochastic {N}avier--{S}tokes equations},
  author={Flandoli, Franco and Romito, Marco},
  journal={Probability Theory and Related Fields},
  volume={140},
  number={3},
  pages={407--458},
  year={2008},
  publisher={Springer}
}

@article{romito2008analysis,
  title={Analysis of equilibrium states of {M}arkov solutions to the 3{D} {N}avier-{S}tokes equations driven by additive noise},
  author={Romito, Marco},
  journal={Journal of Statistical Physics},
  volume={131},
  number={3},
  pages={415--444},
  year={2008},
  publisher={Springer}
}


Nonlocal PDE:

@article{caffarelli2011regularity,
  title={Regularity theory for parabolic nonlinear integral operators},
  author={Caffarelli, Luis and Chan, Chi Hin and Vasseur, Alexis},
  journal={Journal of the American Mathematical Society},
  volume={24},
  number={3},
  pages={849--869},
  year={2011}
}

@article{silvestre2006holder,
  title={H{\"o}lder estimates for solutions of integro-differential equations like the fractional Laplace},
  author={Silvestre, Luis},
  journal={Indiana University mathematics journal},
  pages={1155--1174},
  year={2006},
  publisher={JSTOR}
}

@article{kassmann2009priori,
  title={A priori estimates for integro-differential operators with measurable kernels},
  author={Kassmann, Moritz},
  journal={Calculus of Variations and Partial Differential Equations},
  volume={34},
  number={1},
  pages={1--21},
  year={2009},
  publisher={Springer}
}

@article{bae2015schauder,
  title={Schauder estimates in generalized {H}\"older spaces},
  author={Bae, Jongchun and Kassmann, Moritz},
  journal={arXiv preprint arXiv:1505.05498},
  year={2015}
}

Nonlocal heat kernel:

@article {bass1988uniqueness,
    AUTHOR = {Bass, R. F.},
     TITLE = {Uniqueness in law for pure jump {M}arkov processes},
   JOURNAL = {Probab. Theory Related Fields},
  FJOURNAL = {Probability Theory and Related Fields},
    VOLUME = {79},
      YEAR = {1988},
    NUMBER = {2},
     PAGES = {271--287},
      ISSN = {0178-8051},
   MRCLASS = {60J30 (60G44 60J75)},
  MRNUMBER = {958291},
MRREVIEWER = {Mamoru Kanda},
       DOI = {10.1007/BF00320922},
       URL = {https://doi.org/10.1007/BF00320922},
}

@article{kulczycki1997properties,
  title={Properties of Green function of symmetric stable processes},
  author={Kulczycki, Tadeusz},
  journal={PROBABILITY AND MATHEMATICAL STATISTICS-WROCLAW UNIVERSITY},
  volume={17},
  pages={339--364},
  year={1997},
  publisher={WROCLAW UNIVERSITY PRESS}
}

@article {chen1998green,
    AUTHOR = {Chen, Zhen-Qing and Song, Renming},
     TITLE = {Estimates on {G}reen functions and {P}oisson kernels for
              symmetric stable processes},
   JOURNAL = {Math. Ann.},
  FJOURNAL = {Mathematische Annalen},
    VOLUME = {312},
      YEAR = {1998},
    NUMBER = {3},
     PAGES = {465--501},
      ISSN = {0025-5831},
   MRCLASS = {60J45 (31C99 60G52)},
  MRNUMBER = {1654824},
MRREVIEWER = {Paul McGill},
       DOI = {10.1007/s002080050232},
       URL = {https://doi.org/10.1007/s002080050232},
}


@article{bass2002transition,
  title={Transition probabilities for symmetric jump processes},
  author={Bass, Richard and Levin, David},
  journal={Transactions of the American Mathematical Society},
  volume={354},
  number={7},
  pages={2933--2953},
  year={2002}
}

@article{bass2002harnack,
  title={Harnack inequalities for jump processes},
  author={Bass, Richard F and Levin, David A},
  journal={Potential Analysis},
  volume={17},
  number={4},
  pages={375--388},
  year={2002},
  publisher={Springer}
}

@article{chen2003heat,
  title={Heat kernel estimates for stable-like processes on d-sets},
  author={Chen, Zhen-Qing and Kumagai, Takashi},
  journal={Stochastic Processes and their applications},
  volume={108},
  number={1},
  pages={27--62},
  year={2003},
  publisher={Elsevier}
}

@article{bass2005holder,
  title={H{\"o}lder continuity of harmonic functions with respect to operators of variable order},
  author={Bass, Richard F and Kassmann, Moritz},
  journal={Communications in Partial Differential Equations},
  volume={30},
  number={8},
  pages={1249--1259},
  year={2005},
  publisher={Taylor \& Francis}
}

@article {abels2009cauchy,
    AUTHOR = {Abels, Helmut and Kassmann, Moritz},
     TITLE = {The {C}auchy problem and the martingale problem for
              integro-differential operators with non-smooth kernels},
   JOURNAL = {Osaka J. Math.},
  FJOURNAL = {Osaka Journal of Mathematics},
    VOLUME = {46},
      YEAR = {2009},
    NUMBER = {3},
     PAGES = {661--683},
      ISSN = {0030-6126},
   MRCLASS = {35R09 (47G20 60J35 60J75)},
  MRNUMBER = {2583323},
MRREVIEWER = {Yong-Cheol Kim},
       URL = {http://projecteuclid.org/euclid.ojm/1256564200},
}
	

@article {chen2010heat,
    AUTHOR = {Chen, Zhen-Qing and Kim, Panki and Song, Renming},
     TITLE = {Heat kernel estimates for the {D}irichlet fractional
              {L}aplacian},
   JOURNAL = {J. Eur. Math. Soc. (JEMS)},
  FJOURNAL = {Journal of the European Mathematical Society (JEMS)},
    VOLUME = {12},
      YEAR = {2010},
    NUMBER = {5},
     PAGES = {1307--1329},
      ISSN = {1435-9855},
   MRCLASS = {58J65 (35R11 58J35 60G52 60J75)},
  MRNUMBER = {2677618},
MRREVIEWER = {Andrzej Stos},
       DOI = {10.4171/JEMS/231},
       URL = {https://doi.org/10.4171/JEMS/231},
}
		

@article {mimica2014harmonic,
    AUTHOR = {Mimica, Ante},
     TITLE = {On harmonic functions of symmetric {L}\'{e}vy processes},
   JOURNAL = {Ann. Inst. Henri Poincar\'{e} Probab. Stat.},
  FJOURNAL = {Annales de l'Institut Henri Poincar\'{e} Probabilit\'{e}s et
              Statistiques},
    VOLUME = {50},
      YEAR = {2014},
    NUMBER = {1},
     PAGES = {214--235},
      ISSN = {0246-0203},
   MRCLASS = {60J45 (31C05 60J25 60J75)},
  MRNUMBER = {3161529},
MRREVIEWER = {Ren Ming Song},
       DOI = {10.1214/12-AIHP508},
       URL = {https://doi.org/10.1214/12-AIHP508},
}

@article{chen2014holder,
  title={H{\"o}lder estimates for nonlocal-diffusion equations with drifts},
  author={Chen, Zhen-Qing and Zhang, Xicheng},
  journal={Communications in Mathematics and Statistics},
  volume={2},
  number={3-4},
  pages={331--348},
  year={2014},
  publisher={Springer}
}

@article{chen2016uniqueness,
  title={Uniqueness of stable-like processes},
  author={Chen, Zhen-Qing and Zhang, Xicheng},
  journal={arXiv preprint arXiv:1604.02681},
  year={2016}
}

@article {chen2019dirichlet,
    AUTHOR = {Chen, Huyuan and Weth, Tobias},
     TITLE = {The {D}irichlet problem for the logarithmic {L}aplacian},
   JOURNAL = {Comm. Partial Differential Equations},
  FJOURNAL = {Communications in Partial Differential Equations},
    VOLUME = {44},
      YEAR = {2019},
    NUMBER = {11},
     PAGES = {1100--1139}
}
		

EM scheme: 
@article {mikulevicius1991rate,
    AUTHOR = {Mikulevi\v{c}ius, Remigius and Platen, Eckhard},
     TITLE = {Rate of convergence of the {E}uler approximation for diffusion
              processes},
   JOURNAL = {Math. Nachr.},
  FJOURNAL = {Mathematische Nachrichten},
    VOLUME = {151},
      YEAR = {1991},
     PAGES = {233--239},
      ISSN = {0025-584X},
   MRCLASS = {60H10 (65U05)},
  MRNUMBER = {1121206},
MRREVIEWER = {G. N. Mil\cprime shte\u{\i}n},
       DOI = {10.1002/mana.19911510114},
       URL = {https://doi.org/10.1002/mana.19911510114},
}


@article {mikulevivcius2018rate,
    AUTHOR = {Mikulevi\v{c}ius, R. and Xu, Fanhui},
     TITLE = {On the rate of convergence of strong {E}uler approximation for
              {SDE}s driven by {L}evy processes},
   JOURNAL = {Stochastics},
  FJOURNAL = {Stochastics. An International Journal of Probability and
              Stochastic Processes},
    VOLUME = {90},
      YEAR = {2018},
    NUMBER = {4},
     PAGES = {569--604},
      ISSN = {1744-2508},
   MRCLASS = {60H10 (60G51 60H35)},
  MRNUMBER = {3784978},
       DOI = {10.1080/17442508.2017.1381095},
       URL = {https://doi.org/10.1080/17442508.2017.1381095},
}


@article {muller2020performance,
    AUTHOR = {M\"{u}ller-Gronbach, Thomas and Yaroslavtseva, Larisa},
     TITLE = {On the performance of the {E}uler-{M}aruyama scheme for {SDE}s
              with discontinuous drift coefficient},
   JOURNAL = {Ann. Inst. Henri Poincar\'{e} Probab. Stat.},
  FJOURNAL = {Annales de l'Institut Henri Poincar\'{e} Probabilit\'{e}s et
              Statistiques},
    VOLUME = {56},
      YEAR = {2020},
    NUMBER = {2},
     PAGES = {1162--1178},
      ISSN = {0246-0203},
   MRCLASS = {65C30 (60H10 60H35)},
  MRNUMBER = {4076779},
MRREVIEWER = {Peter E. Kloeden},
       DOI = {10.1214/19-AIHP997},
       URL = {https://doi.org/10.1214/19-AIHP997},
}


@article {menoukeu2017strong,
    AUTHOR = {Menoukeu Pamen, Olivier and Taguchi, Dai},
     TITLE = {Strong rate of convergence for the {E}uler-{M}aruyama
              approximation of {SDE}s with {H}\"{o}lder continuous drift
              coefficient},
   JOURNAL = {Stochastic Process. Appl.},
  FJOURNAL = {Stochastic Processes and their Applications},
    VOLUME = {127},
      YEAR = {2017},
    NUMBER = {8},
     PAGES = {2542--2559},
      ISSN = {0304-4149},
   MRCLASS = {65C30 (41A25 60H10 60H35)},
  MRNUMBER = {3660882},
       DOI = {10.1016/j.spa.2016.11.008},
       URL = {https://doi.org/10.1016/j.spa.2016.11.008},
}
	

@article {long2017strong,
    AUTHOR = {Ngo, Hoang-Long and Taguchi, Dai},
     TITLE = {Strong convergence for the {E}uler-{M}aruyama approximation of
              stochastic differential equations with discontinuous
              coefficients},
   JOURNAL = {Statist. Probab. Lett.},
  FJOURNAL = {Statistics \& Probability Letters},
    VOLUME = {125},
      YEAR = {2017},
     PAGES = {55--63},
      ISSN = {0167-7152},
   MRCLASS = {60H35 (34F05 60H10 60H30 65C30)},
  MRNUMBER = {3626068},
       DOI = {10.1016/j.spl.2017.01.027},
       URL = {https://doi.org/10.1016/j.spl.2017.01.027},
}

@article {huang2018euler,
    AUTHOR = {Huang, Xing and Liao, Zhong-Wei},
     TITLE = {The {E}uler-{M}aruyama method for {S}({F}){DE}s with {H}\"{o}lder
              drift and {$\alpha$}-stable noise},
   JOURNAL = {Stoch. Anal. Appl.},
  FJOURNAL = {Stochastic Analysis and Applications},
    VOLUME = {36},
      YEAR = {2018},
    NUMBER = {1},
     PAGES = {28--39},
      ISSN = {0736-2994},
   MRCLASS = {60H35 (60H10 65C30)},
  MRNUMBER = {3750668},
       DOI = {10.1080/07362994.2017.1371037},
       URL = {https://doi.org/10.1080/07362994.2017.1371037},
}
	

@article {dareiotis2020regularisation,
    AUTHOR = {Dareiotis, Konstantinos and Gerencs\'{e}r, M\'{a}t\'{e}},
     TITLE = {On the regularisation of the noise for the {E}uler-{M}aruyama
              scheme with irregular drift},
   JOURNAL = {Electron. J. Probab.},
  FJOURNAL = {Electronic Journal of Probability},
    VOLUME = {25},
      YEAR = {2020},
     PAGES = {Paper No. 82, 18},
   MRCLASS = {60H35 (60H10 65C30)},
  MRNUMBER = {4125787},
       DOI = {10.1214/20-ejp479},
       URL = {https://doi.org/10.1214/20-ejp479},
}
	
@article {bao2019convergence,
    AUTHOR = {Bao, Jianhai and Huang, Xing and Yuan, Chenggui},
     TITLE = {Convergence rate of {E}uler-{M}aruyama scheme for {SDE}s with
              {H}\"{o}lder-{D}ini continuous drifts},
   JOURNAL = {J. Theoret. Probab.},
  FJOURNAL = {Journal of Theoretical Probability},
    VOLUME = {32},
      YEAR = {2019},
    NUMBER = {2},
     PAGES = {848--871},
      ISSN = {0894-9840},
   MRCLASS = {60H35 (60H10 65C30)},
  MRNUMBER = {3959630},
MRREVIEWER = {Peter E. Kloeden},
       DOI = {10.1007/s10959-018-0854-9},
       URL = {https://doi.org/10.1007/s10959-018-0854-9},
}

@article {butkovsky2021approximation,
    AUTHOR = {Butkovsky, Oleg and Dareiotis, Konstantinos and Gerencs\'{e}r,
              M\'{a}t\'{e}},
     TITLE = {Approximation of {SDE}s: a stochastic sewing approach},
   JOURNAL = {Probab. Theory Related Fields},
  FJOURNAL = {Probability Theory and Related Fields},
    VOLUME = {181},
      YEAR = {2021},
    NUMBER = {4},
     PAGES = {975--1034},
      ISSN = {0178-8051},
   MRCLASS = {60H50 (60H10 65C30)},
  MRNUMBER = {4344136},
       DOI = {10.1007/s00440-021-01080-2},
       URL = {https://doi.org/10.1007/s00440-021-01080-2},
}

@article {suo2022weak,
    AUTHOR = {Suo, Yongqiang and Yuan, Chenggui and Zhang, Shao-Qin},
     TITLE = {Weak convergence of {E}uler scheme for {SDE}s with low regular
              drift},
   JOURNAL = {Numer. Algorithms},
  FJOURNAL = {Numerical Algorithms},
    VOLUME = {90},
      YEAR = {2022},
    NUMBER = {2},
     PAGES = {731--747},
      ISSN = {1017-1398},
   MRCLASS = {65C30 (34K26 60H10)},
  MRNUMBER = {4418370},
       DOI = {10.1007/s11075-021-01206-6},
       URL = {https://doi.org/10.1007/s11075-021-01206-6},
}

@article {leobacher2017strong,
    AUTHOR = {Leobacher, Gunther and Sz\"{o}lgyenyi, Michaela},
     TITLE = {A strong order 1/2 method for multidimensional {SDE}s with
              discontinuous drift},
   JOURNAL = {Ann. Appl. Probab.},
  FJOURNAL = {The Annals of Applied Probability},
    VOLUME = {27},
      YEAR = {2017},
    NUMBER = {4},
     PAGES = {2383--2418},
      ISSN = {1050-5164},
   MRCLASS = {60H10 (65C30)},
  MRNUMBER = {3693529},
       DOI = {10.1214/16-AAP1262},
       URL = {https://doi.org/10.1214/16-AAP1262},
}
	

@article {bencheikh2022convergence,
    AUTHOR = {Bencheikh, Oumaima and Jourdain, Benjamin},
     TITLE = {Convergence in total variation of the {E}uler-{M}aruyama
              scheme applied to diffusion processes with measurable drift
              coefficient and additive noise},
   JOURNAL = {SIAM J. Numer. Anal.},
  FJOURNAL = {SIAM Journal on Numerical Analysis},
    VOLUME = {60},
      YEAR = {2022},
    NUMBER = {4},
     PAGES = {1701--1740},
      ISSN = {0036-1429},
   MRCLASS = {60H35 (60H10 65C05 65C30)},
  MRNUMBER = {4451313},
       DOI = {10.1137/20M1371774},
       URL = {https://doi.org/10.1137/20M1371774},
}

@article {kuhn2019strong,
    AUTHOR = {K\"{u}hn, Franziska and Schilling, Ren\'{e} L.},
     TITLE = {Strong convergence of the {E}uler-{M}aruyama approximation for
              a class of {L}\'{e}vy-driven {SDE}s},
   JOURNAL = {Stochastic Process. Appl.},
  FJOURNAL = {Stochastic Processes and their Applications},
    VOLUME = {129},
      YEAR = {2019},
    NUMBER = {8},
     PAGES = {2654--2680},
      ISSN = {0304-4149},
   MRCLASS = {60H10 (60G51 60J35 60J75)},
  MRNUMBER = {3980140},
MRREVIEWER = {Liping Li},
       DOI = {10.1016/j.spa.2018.07.018},
       URL = {https://doi.org/10.1016/j.spa.2018.07.018},
}

@article {gyongy1996existence,
    AUTHOR = {Gy\"{o}ngy, Istv\'{a}n and Krylov, Nicolai},
     TITLE = {Existence of strong solutions for {I}t\^{o}'s stochastic equations
              via approximations},
   JOURNAL = {Probab. Theory Related Fields},
  FJOURNAL = {Probability Theory and Related Fields},
    VOLUME = {105},
      YEAR = {1996},
    NUMBER = {2},
     PAGES = {143--158},
      ISSN = {0178-8051},
   MRCLASS = {60H10},
  MRNUMBER = {1392450},
MRREVIEWER = {Toshio Yamada},
       DOI = {10.1007/BF01203833},
       URL = {https://doi.org/10.1007/BF01203833},
}


@book {bingham1987regular,
    AUTHOR = {Bingham, N. H. and Goldie, C. M. and Teugels, J. L.},
     TITLE = {Regular variation},
    SERIES = {Encyclopedia of Mathematics and its Applications},
    VOLUME = {27},
 PUBLISHER = {Cambridge University Press, Cambridge},
      YEAR = {1987},
     PAGES = {xx+491},
      ISBN = {0-521-30787-2},
   MRCLASS = {26A12 (11K65 11N60 30-02 40E05 60-02 60Fxx)},
  MRNUMBER = {898871},
MRREVIEWER = {R. A. Maller},
       DOI = {10.1017/CBO9780511721434},
       URL = {https://doi.org/10.1017/CBO9780511721434},
}

@book {krylov1980controlled,
    AUTHOR = {Krylov, N. V.},
     TITLE = {Controlled diffusion processes},
    SERIES = {Stochastic Modelling and Applied Probability},
    VOLUME = {14},
      NOTE = {Translated from the 1977 Russian original by A. B. Aries,
              Reprint of the 1980 edition},
 PUBLISHER = {Springer-Verlag, Berlin},
      YEAR = {2009},
     PAGES = {xii+308},
      ISBN = {978-3-540-70913-8},
   MRCLASS = {60G40 (60J10 93E20)},
  MRNUMBER = {2723141},
}

@book {ma1992dirichletform,
	AUTHOR = {Ma, Zhi Ming and R\"{o}ckner, Michael},
	TITLE = {Introduction to the theory of (nonsymmetric) {D}irichlet
	forms},
	SERIES = {Universitext},
	PUBLISHER = {Springer-Verlag, Berlin},
	YEAR = {1992},
	PAGES = {vi+209},
	ISBN = {3-540-55848-9},
	MRCLASS = {60J40 (31C25 60J45)},
	MRNUMBER = {1214375},
	MRREVIEWER = {Tu\ Sheng\ Zhang},
	DOI = {10.1007/978-3-642-77739-4},
	URL = {https://doi.org/10.1007/978-3-642-77739-4},
}
		

Analysis:
@article {oneil1963convolution,
	AUTHOR = {O'Neil, Richard},
	TITLE = {Convolution operators and {$L(p,\,q)$} spaces},
	JOURNAL = {Duke Math. J.},
	FJOURNAL = {Duke Mathematical Journal},
	VOLUME = {30},
	YEAR = {1963},
	PAGES = {129--142},
	ISSN = {0012-7094,1547-7398},
	MRCLASS = {47.25 (46.35)},
	MRNUMBER = {146673},
	MRREVIEWER = {I.\ I.\ Hirschman, Jr.},
	URL = {http://projecteuclid.org/euclid.dmj/1077374532},
}

@article{oneil1965fractional,
  title={Fractional integration in Orlicz spaces. {I}},
  author={O'Neil, Richard},
  journal={Transactions of the American Mathematical Society},
  volume={115},
  pages={300--328},
  year={1965}
}


Others: 
@article{madan1998theVG,
  title={The Variance Gamma Process and Option Pricing},
  author={Dilip B. Madan and Peter Carr and Eric C. Chang},
  journal={Review of Finance},
  year={1998},
  volume={2},
  pages={79-105}
}

@book {yuval2010brownian,
    AUTHOR = {M\"{o}rters, Peter and Peres, Yuval},
     TITLE = {Brownian motion},
    SERIES = {Cambridge Series in Statistical and Probabilistic Mathematics},
    VOLUME = {30},
      NOTE = {With an appendix by Oded Schramm and Wendelin Werner},
 PUBLISHER = {Cambridge University Press, Cambridge},
      YEAR = {2010},
     PAGES = {xii+403},
      ISBN = {978-0-521-76018-8},
   MRCLASS = {60J65 (28A78 60H05 60J45 60J55 60J67)},
  MRNUMBER = {2604525},
MRREVIEWER = {Ren\'{e}\ L.\ Schilling},
       DOI = {10.1017/CBO9780511750489},
       URL = {https://doi.org/10.1017/CBO9780511750489},
}

@article {trevisan2016super,
    AUTHOR = {Trevisan, Dario},
     TITLE = {Well-posedness of multidimensional diffusion processes with
              weakly differentiable coefficients},
   JOURNAL = {Electron. J. Probab.},
  FJOURNAL = {Electronic Journal of Probability},
    VOLUME = {21},
      YEAR = {2016},
     PAGES = {Paper No. 22, 41},
      ISSN = {1083-6489},
   MRCLASS = {60J60 (35B30 35Q84 35R60)},
  MRNUMBER = {3485364},
MRREVIEWER = {Gabriela\ Marinoschi},
       DOI = {10.1214/16-EJP4453},
       URL = {https://doi.org/10.1214/16-EJP4453},
}

@article {osada1985vortex,
    AUTHOR = {Osada, Hirofumi},
     TITLE = {A stochastic differential equation arising from the vortex
              problem},
   JOURNAL = {Proc. Japan Acad. Ser. A Math. Sci.},
  FJOURNAL = {Japan Academy. Proceedings. Series A. Mathematical Sciences},
    VOLUME = {61},
      YEAR = {1985},
    NUMBER = {10},
     PAGES = {333--336},
      ISSN = {0386-2194},
   MRCLASS = {60H10 (35R60 76C05)},
  MRNUMBER = {834541},
MRREVIEWER = {Z.\ Schuss},
       URL = {http://projecteuclid.org/euclid.pja/1195514538},
}

@article {barbu2020nonlinear,
    AUTHOR = {Barbu, Viorel and R\"{o}ckner, Michael},
     TITLE = {From nonlinear {F}okker-{P}lanck equations to solutions of
              distribution dependent {SDE}},
   JOURNAL = {Ann. Probab.},
  FJOURNAL = {The Annals of Probability},
    VOLUME = {48},
      YEAR = {2020},
    NUMBER = {4},
     PAGES = {1902--1920},
      ISSN = {0091-1798,2168-894X},
   MRCLASS = {60H30 (35Q84 35R60 60H10)},
  MRNUMBER = {4124528},
MRREVIEWER = {Jinlong\ Wei},
       DOI = {10.1214/19-AOP1410},
       URL = {https://doi.org/10.1214/19-AOP1410},
}

@article {barbu2021solutions,
    AUTHOR = {Barbu, Viorel and R\"{o}ckner, Michael},
     TITLE = {Solutions for nonlinear {F}okker-{P}lanck equations with
              measures as initial data and {M}c{K}ean-{V}lasov equations},
   JOURNAL = {J. Funct. Anal.},
  FJOURNAL = {Journal of Functional Analysis},
    VOLUME = {280},
      YEAR = {2021},
    NUMBER = {7},
     PAGES = {Paper No. 108926, 35},
      ISSN = {0022-1236,1096-0783},
   MRCLASS = {35B40 (35Q84 60H10)},
  MRNUMBER = {4205184},
       DOI = {10.1016/j.jfa.2021.108926},
       URL = {https://doi.org/10.1016/j.jfa.2021.108926},
}

@article {barbu2023uniqueness,
    AUTHOR = {Barbu, Viorel and R\"{o}ckner, Michael},
     TITLE = {Uniqueness for nonlinear {F}okker-{P}lanck equations and for
              {M}c{K}ean-{V}lasov {SDE}s: the degenerate case},
   JOURNAL = {J. Funct. Anal.},
  FJOURNAL = {Journal of Functional Analysis},
    VOLUME = {285},
      YEAR = {2023},
    NUMBER = {4},
     PAGES = {Paper No. 109980, 37},
      ISSN = {0022-1236,1096-0783},
   MRCLASS = {60H15 (47H05 47J05)},
  MRNUMBER = {4583740},
MRREVIEWER = {Vassili\ N.\ Kolokol\cprime tsov},
       DOI = {10.1016/j.jfa.2023.109980},
       URL = {https://doi.org/10.1016/j.jfa.2023.109980},
}

@article{barbu2023ns,
  title={Uniqueness of distributional solutions to the 2{D} vorticity {N}avier-{S}tokes equation and its associated nonlinear {M}arkov process},
  author={Barbu, Viorel and R{\"o}ckner, Michael and Zhang, Deng},
  journal={arXiv preprint arXiv:2309.13910},
  year={2023}
}

@article {rockner2021DDSDE,
    AUTHOR = {R\"{o}ckner, Michael and Zhang, Xicheng},
     TITLE = {Well-posedness of distribution dependent {SDE}s with singular
              drifts},
   JOURNAL = {Bernoulli},
  FJOURNAL = {Bernoulli. Official Journal of the Bernoulli Society for
              Mathematical Statistics and Probability},
    VOLUME = {27},
      YEAR = {2021},
    NUMBER = {2},
     PAGES = {1131--1158},
      ISSN = {1350-7265,1573-9759},
   MRCLASS = {60H10},
  MRNUMBER = {4255229},
MRREVIEWER = {Conrado\ Freitas Paulo da Costa},
       DOI = {10.3150/20-bej1268},
       URL = {https://doi.org/10.3150/20-bej1268},
}

@book {cardaliaguet2015master,
    AUTHOR = {Cardaliaguet, Pierre and Delarue, Fran\c{c}ois and Lasry,
              Jean-Michel and Lions, Pierre-Louis},
     TITLE = {The master equation and the convergence problem in mean field
              games},
    SERIES = {Annals of Mathematics Studies},
    VOLUME = {201},
 PUBLISHER = {Princeton University Press, Princeton, NJ},
      YEAR = {2019},
     PAGES = {x+212},
      ISBN = {978-0-691-19071-6; 978-0-691-19070-9},
   MRCLASS = {49-02 (49N80 60H30 60K35 91A07 91A15 91A16)},
  MRNUMBER = {3967062},
MRREVIEWER = {Ren\'{e}\ Carmona},
       DOI = {10.2307/j.ctvckq7qf},
       URL = {https://doi.org/10.2307/j.ctvckq7qf},
}

@article{varadhan1967behavior,
  title={On the behavior of the fundamental solution of the heat equation with variable coefficients},
  author={Varadhan, Sathamangalam R Srinivasa},
  journal={Communications on Pure and Applied Mathematics},
  volume={20},
  number={2},
  pages={431--455},
  year={1967},
  publisher={Wiley Online Library}
}

@article{norris1997heat,
  title={Heat kernel asymptotics and the distance function in Lipschitz Riemannian manifolds},
  author={Norris, James R},
  journal={Acta Math.},
  volume={179},
  pages={79-103},
  year={1997}
}

@article{anzeletti2023path,
  title={Path-by-path uniqueness for stochastic differential equations under Krylov-R\"ockner condition},
  author={Anzeletti, Lukas and L{\^e}, Khoa and Ling, Chengcheng},
  journal={arXiv preprint arXiv:2304.06802},
  year={2023}
}


@article{hauray2011new,
  title={A new proof of the uniqueness of the flow for ordinary differential equations with BV vector fields},
  author={Hauray, Maxime and Bris, Claude Le},
  journal={Annali di Matematica Pura ed Applicata},
  volume={190},
  pages={91--103},
  year={2011},
  publisher={Springer}
}

@book {ethier1986markov,
    AUTHOR = {Ethier, Stewart N. and Kurtz, Thomas G.},
     TITLE = {Markov processes},
    SERIES = {Wiley Series in Probability and Mathematical Statistics:
              Probability and Mathematical Statistics},
      NOTE = {Characterization and convergence},
 PUBLISHER = {John Wiley \& Sons, Inc., New York},
      YEAR = {1986}
}

@article {jensen1988unique,
    AUTHOR = {Jensen, R. and Lions, P.-L. and Souganidis, P. E.},
     TITLE = {A uniqueness result for viscosity solutions of second order
              fully nonlinear partial differential equations},
   JOURNAL = {Proc. Amer. Math. Soc.},
  FJOURNAL = {Proceedings of the American Mathematical Society},
    VOLUME = {102},
      YEAR = {1988},
    NUMBER = {4},
     PAGES = {975--978}
}

@article{engelbert1991theorem,
  title={On the theorem of T. Yamada and S. Watanabe},
  author={Engelbert, Hans-J{\"u}rgen},
  journal={Stochastics: An International Journal of Probability and Stochastic Processes},
  volume={36},
  number={3-4},
  pages={205--216},
  year={1991},
  publisher={Taylor \& Francis}
}